<!DOCTYPE html>
<html data-version="" lang="de">

<head>
    <meta charSet="utf-8" />
    <meta name="viewport" content="width=device-width, initial-scale=1, shrink-to-fit=no" />
    <link rel="canonical" href="https://www.docmorris.de/kytta-schmerzsalbe/10832865" />
    <title>Kytta Schmerzsalbe 150 g, 150 g online kaufen | DocMorris</title>
    <meta
        content="Kytta Schmerzsalbe 150 g, 150 g, WICK Pharma - Zweigniederlassung der Procter &amp; Gamble GmbH, jetzt günstig bei der Versandapotheke DocMorris bestellen"
        name="description" />
    <meta property="og:type" content="website" />
    <meta property="og:title" content="Kytta Schmerzsalbe 150 g, 150 g online kaufen | DocMorris" />
    <meta property="og:url" content="https://www.docmorris.de/kytta-schmerzsalbe/10832865" />
    <meta property="og:description"
        content="Kytta Schmerzsalbe 150 g, 150 g, WICK Pharma - Zweigniederlassung der Procter &amp; Gamble GmbH, jetzt günstig bei der Versandapotheke DocMorris bestellen" />
    <meta property="og:image"
        content="https://statics.docmorris.de/static/produkte/FX5UP389/docmorris/ps420/kytta-schmerzsalbe-150-g-10832865-0-1720620118087441.jpg" />
    <meta property="twitter:card" content="summary_large_image" />
    <meta property="twitter:url" content="https://www.docmorris.de/kytta-schmerzsalbe/10832865" />
    <meta property="twitter:title" content="Kytta Schmerzsalbe 150 g, 150 g online kaufen | DocMorris" />
    <meta property="twitter:description"
        content="Kytta Schmerzsalbe 150 g, 150 g, WICK Pharma - Zweigniederlassung der Procter &amp; Gamble GmbH, jetzt günstig bei der Versandapotheke DocMorris bestellen" />
    <meta property="twitter:image"
        content="https://statics.docmorris.de/static/produkte/FX5UP389/docmorris/ps420/kytta-schmerzsalbe-150-g-10832865-0-1720620118087441.jpg" />
    <script
        type="application/ld+json">[{"@context":"https://schema.org","@graph":[{"@type":"WebSite","url":"https://www.docmorris.de/","potentialAction":{"@type":"SearchAction","target":{"@type":"EntryPoint","urlTemplate":"https://www.docmorris.de/search?query={search_term_string}"},"query-input":"required name=search_term_string"}},{"@type":"Organization","url":"https://www.docmorris.de/","name":"DocMorris","logo":"https://www.docmorris.de/assets/img/brandlogos/docmorris-openGraph.jpg","sameAs":["https://www.facebook.com/DocMorris","https://www.twitter.com/docmorris","https://plus.google.com/+DocMorris","https://www.instagram.com/docmorris/","https://www.youtube.com/docmorris/"],"contactPoint":[{"@type":"ContactPoint","telephone":"+49 800 480 80 00","contactType":"customer service"}]}]},{"@context":"https://schema.org","@type":"BreadcrumbList","itemListElement":[{"@type":"ListItem","position":1,"name":"Startseite","item":"https://www.docmorris.de"},{"@type":"ListItem","position":2,"name":"Arzneimittel &amp; Gesundheit","item":"https://www.docmorris.de/arzneimittel-gesundheit"},{"@type":"ListItem","position":3,"name":"Muskeln, Knochen, Gelenke","item":"https://www.docmorris.de/arzneimittel-gesundheit/muskeln-knochen-gelenke"},{"@type":"ListItem","position":4,"name":"Stauchung, Prellung &amp; Zerrung","item":"https://www.docmorris.de/arzneimittel-gesundheit/muskeln-knochen-gelenke/stauchung-prellung-zerrung"},{"@type":"ListItem","position":5,"name":"Cremes &amp; Gele","item":"https://www.docmorris.de/arzneimittel-gesundheit/muskeln-knochen-gelenke/stauchung-prellung-zerrung/cremes-gele"},{"@type":"ListItem","position":6,"name":"Kytta Schmerzsalbe 150 g","item":"https://www.docmorris.de/kytta-schmerzsalbe/10832865"}]},{"@context":"https://schema.org","@type":"Product","@id":"https://www.docmorris.de/kytta-schmerzsalbe/10832865","mpn":"10832865","sku":"10832865","name":"Kytta Schmerzsalbe 150 g - 150 g","category":"Cremes &amp; Gele","image":"https://statics.docmorris.de/static/produkte/FX5UP389/docmorris/ps300/kytta-schmerzsalbe-150-g-10832865-0-1720620118087441.jpg","brand":{"@type":"Organization","name":"Kytta"},"manufacturer":{"@type":"Organization","name":"WICK Pharma - Zweigniederlassung der Procter &amp; Gamble GmbH"},"description":"Kytta Schmerzsalbe 150 g - 150 g günstig online bestellen in der DocMorris online Apotheke. Schnelle Lieferung ✓ Sichere Zahlung ✓","offers":{"@type":"Offer","availability":"https://schema.org/InStock","itemCondition":"https://schema.org/NewCondition","priceCurrency":"EUR","url":"https://www.docmorris.de/kytta-schmerzsalbe/10832865","category":"Cremes &amp; Gele","price":18.99,"priceValidUntil":"2024-12-31","eligibleQuantity":{"@type":"QuantitativeValue","name":"150 g"}},"aggregateRating":{"@type":"AggregateRating","bestRating":5,"worstRating":1,"ratingValue":4.6404,"reviewCount":495},"isSimilarTo":[{"@type":"Product","mpn":"80024983","sku":"80024983","name":"Kytta Schmerzsalbe 150 g - 2X100 g","url":"https://www.docmorris.de/kytta-2-x-100-g-doppelpack/80024983","category":"Cremes &amp; Gele","image":"https://statics.docmorris.de/static/produkte/FX5UP389/docmorris/ps300/kytta-schmerzsalbe-150-g-10832865-0-1720620118087441.jpg","brand":{"@type":"Organization","name":"Kytta"},"manufacturer":{"@type":"Organization","name":"WICK Pharma - Zweigniederlassung der Procter &amp; Gamble GmbH"},"description":"Kytta Schmerzsalbe 150 g - 2X100 g günstig online bestellen in der DocMorris online Apotheke. Schnelle Lieferung ✓ Sichere Zahlung ✓","offers":{"@type":"Offer","availability":"https://schema.org/InStock","itemCondition":"https://schema.org/NewCondition","priceCurrency":"EUR","url":"https://www.docmorris.de/kytta-2-x-100-g-doppelpack/80024983","price":30.59,"priceValidUntil":"2024-12-31","eligibleQuantity":{"@type":"QuantitativeValue","name":"2X100 g"}},"aggregateRating":{"@type":"AggregateRating","bestRating":5,"worstRating":1,"ratingValue":4.6404,"reviewCount":495}},{"@type":"Product","mpn":"80025008","sku":"80025008","name":"Kytta Schmerzsalbe 150 g - 3X100 g","url":"https://www.docmorris.de/kytta-3-x-100-g-dreierpack/80025008","category":"Cremes &amp; Gele","image":"https://statics.docmorris.de/static/produkte/FX5UP389/docmorris/ps300/kytta-schmerzsalbe-150-g-10832865-0-1720620118087441.jpg","brand":{"@type":"Organization","name":"Kytta"},"manufacturer":{"@type":"Organization","name":"WICK Pharma - Zweigniederlassung der Procter &amp; Gamble GmbH"},"description":"Kytta Schmerzsalbe 150 g - 3X100 g günstig online bestellen in der DocMorris online Apotheke. Schnelle Lieferung ✓ Sichere Zahlung ✓","offers":{"@type":"Offer","availability":"https://schema.org/InStock","itemCondition":"https://schema.org/NewCondition","priceCurrency":"EUR","url":"https://www.docmorris.de/kytta-3-x-100-g-dreierpack/80025008","price":45.89,"priceValidUntil":"2024-12-31","eligibleQuantity":{"@type":"QuantitativeValue","name":"3X100 g"}},"aggregateRating":{"@type":"AggregateRating","bestRating":5,"worstRating":1,"ratingValue":4.6404,"reviewCount":495}},{"@type":"Product","mpn":"10832859","sku":"10832859","name":"Kytta Schmerzsalbe 150 g - 100 g","url":"https://www.docmorris.de/kytta-schmerzsalbe/10832859","category":"Cremes &amp; Gele","image":"https://statics.docmorris.de/static/produkte/FX5UP389/docmorris/ps300/kytta-schmerzsalbe-150-g-10832865-0-1720620118087441.jpg","brand":{"@type":"Organization","name":"Kytta"},"manufacturer":{"@type":"Organization","name":"WICK Pharma - Zweigniederlassung der Procter &amp; Gamble GmbH"},"description":"Kytta Schmerzsalbe 150 g - 100 g günstig online bestellen in der DocMorris online Apotheke. Schnelle Lieferung ✓ Sichere Zahlung ✓","offers":{"@type":"Offer","availability":"https://schema.org/InStock","itemCondition":"https://schema.org/NewCondition","priceCurrency":"EUR","url":"https://www.docmorris.de/kytta-schmerzsalbe/10832859","price":16.99,"priceValidUntil":"2024-12-31","eligibleQuantity":{"@type":"QuantitativeValue","name":"100 g"}},"aggregateRating":{"@type":"AggregateRating","bestRating":5,"worstRating":1,"ratingValue":4.6404,"reviewCount":495}},{"@type":"Product","mpn":"10832842","sku":"10832842","name":"Kytta Schmerzsalbe 150 g - 50 g","url":"https://www.docmorris.de/kytta-schmerzsalbe/10832842","category":"Cremes &amp; Gele","image":"https://statics.docmorris.de/static/produkte/FX5UP389/docmorris/ps300/kytta-schmerzsalbe-150-g-10832865-0-1720620118087441.jpg","brand":{"@type":"Organization","name":"Kytta"},"manufacturer":{"@type":"Organization","name":"WICK Pharma - Zweigniederlassung der Procter &amp; Gamble GmbH"},"description":"Kytta Schmerzsalbe 150 g - 50 g günstig online bestellen in der DocMorris online Apotheke. Schnelle Lieferung ✓ Sichere Zahlung ✓","offers":{"@type":"Offer","availability":"https://schema.org/InStock","itemCondition":"https://schema.org/NewCondition","priceCurrency":"EUR","url":"https://www.docmorris.de/kytta-schmerzsalbe/10832842","price":8.79,"priceValidUntil":"2024-12-31","eligibleQuantity":{"@type":"QuantitativeValue","name":"50 g"}},"aggregateRating":{"@type":"AggregateRating","bestRating":5,"worstRating":1,"ratingValue":4.6404,"reviewCount":495}},{"@type":"Product","mpn":"08019654","sku":"08019654","name":"Kytta Schmerzsalbe 150 g - 2 St","url":"https://www.docmorris.de/kytta-schmerzsalbe-sparset-2-x-150g/08019654","category":"Cremes &amp; Gele","image":"https://statics.docmorris.de/static/produkte/FX5UP389/docmorris/ps300/kytta-schmerzsalbe-150-g-10832865-0-1720620118087441.jpg","brand":{"@type":"Organization","name":"Kytta"},"manufacturer":{"@type":"Organization","name":"WICK Pharma - Zweigniederlassung der Procter &amp; Gamble GmbH"},"description":"Kytta Schmerzsalbe 150 g - 2 St günstig online bestellen in der DocMorris online Apotheke. Schnelle Lieferung ✓ Sichere Zahlung ✓","offers":{"@type":"Offer","availability":"https://schema.org/InStock","itemCondition":"https://schema.org/NewCondition","priceCurrency":"EUR","url":"https://www.docmorris.de/kytta-schmerzsalbe-sparset-2-x-150g/08019654","price":34.19,"priceValidUntil":"2024-12-31","eligibleQuantity":{"@type":"QuantitativeValue","name":"2 St"}},"aggregateRating":{"@type":"AggregateRating","bestRating":5,"worstRating":1,"ratingValue":4.6404,"reviewCount":495}}]},{"@context":"https://schema.org","@type":"FAQPage","mainEntity":[{"@type":"Question","name":"Wie lange darf ich Kytta® Schmerzsalbe anwenden?","acceptedAnswer":{"@type":"Answer","text":"<p>Die Anwendungsdauer bei Erwachsenen richtet sich nach den Symptomen und der zugrundeliegenden Erkrankung. 10 Tage bei akuten Myalgien im Bereich des Rückens, Verstauchungen, Prellungen, Zerrungen und bis zu 3 Wochen bei Kniegelenksarthrose.</p>"}},{"@type":"Question","name":"Wofür kann ich Kytta® Schmerzsalbe anwenden?","acceptedAnswer":{"@type":"Answer","text":"<p>Kytta® Schmerzsalbe hat mehrere zugelassene Anwendungsgebiete:</p><ul><li><p>Akute Muskelschmerzen im Rückenbereich</p></li><li><p>Schmerzen und Schwellungen bei Kniegelenksarthrose</p></li><li><p>Zerrungen nach Sportverletzungen</p></li><li><p>Prellungen nach Unfallverletzungen</p></li><li><p>Verstauchungen nach Sport- und Unfallverletzungen</p></li></ul>"}},{"@type":"Question","name":"Die Salbe färbt auf meine Kleidung ab, warum ist das so und was kann ich tun?","acceptedAnswer":{"@type":"Answer","text":"<p>Die bräunliche Farbe der Kytta® Schmerzsalbe kommt von ihrem pflanzlichen Wirkstoff, deshalb hat sie keine rein weiße Farbe, wie einige chemische Salben und Gele. Die in den Pflanzeninhaltsstoffen enthaltenen Gerbstoffe können auf der Kleidung unter Umständen zu Verfärbungen führen.</p><p></p><p>Achten Sie darauf, die Salbe vollständig einziehen zu lassen, bei stärkeren Schmerzen können Sie einen Salbenverband anlegen. Sollten dennoch Flecken auf Ihrer Kleidung entstehen, achten Sie darauf, die Kleidung sofort zu waschen, und den Fleck nicht eintrocknen zu lassen. Somit kann der Fleck rasch entfernt werden.</p>"}}]}]</script>
    <link rel="preload" as="image"
        href="https://statics.docmorris.de/static/produkte/FX5UP389/docmorris/ps300r/kytta-schmerzsalbe-150-g-10832865-0-1720620118087441.jpg" />
    <meta name="next-head-count" content="17" />
    <meta http-equiv="X-UA-Compatible" content="IE=edge" />
    <link rel="preload" href="/new-web/assets/fonts/poppins/poppins-regular-webfont.woff2" type="font/woff2" as="font"
        crossorigin="anonymous" />
    <link rel="preload" href="/new-web/assets/fonts/poppins/poppins-semibold-webfont.woff2" type="font/woff2" as="font"
        crossorigin="anonymous" />
    <link rel="preload" href="/new-web/assets/fonts/poppins/poppins-bold-webfont.woff2" type="font/woff2" as="font"
        crossorigin="anonymous" />
    <script>
        (function (w, d, s, l, i) {
            w[l] = w[l] || []; w[l].push({
                'gtm.start':
                    new Date().getTime(), event: 'gtm.js'
            }); var f = d.getElementsByTagName(s)[0],
                j = d.createElement(s), dl = l != 'dataLayer' ? '&l=' + l : ''; j.async = true; j.src =
                    'https://measure.docmorris.de/gtm.js?id=' + i + dl + '';
            j.addEventListener('load', function () {
                var _ge = new CustomEvent('gtm_loaded', { bubbles: true });
                setTimeout(() => d.dispatchEvent(_ge), 500);
            });
            f.parentNode.insertBefore(j, f);
        })(window, document, 'script', 'dataLayer', 'GTM-KBGX7K8');
    </script>
    <link rel="preload" href="/_next/static/css/a9c521731841589e.css" as="style" />
    <link rel="stylesheet" href="/_next/static/css/a9c521731841589e.css" data-n-g="" />
    <link rel="preload" href="/_next/static/css/43ee9a6cca5764b5.css" as="style" />
    <link rel="stylesheet" href="/_next/static/css/43ee9a6cca5764b5.css" data-n-p="" />
    <link rel="preload" href="/_next/static/css/42a6de8bec6590f3.css" as="style" />
    <link rel="stylesheet" href="/_next/static/css/42a6de8bec6590f3.css" data-n-p="" /><noscript
        data-n-css=""></noscript>
    <script defer="" nomodule="" src="/_next/static/chunks/polyfills-c67a75d1b6f99dc8.js"></script>
    <script src="/_next/static/chunks/webpack-4f349024e6408646.js" defer=""></script>
    <script src="/_next/static/chunks/framework-64f9b074d3724ac2.js" defer=""></script>
    <script src="/_next/static/chunks/main-4aa80a8172db8620.js" defer=""></script>
    <script src="/_next/static/chunks/pages/_app-7bb75c8f846c2d71.js" defer=""></script>
    <script src="/_next/static/chunks/5724-49b453eb7b909814.js" defer=""></script>
    <script src="/_next/static/chunks/195-91d7714432a7def6.js" defer=""></script>
    <script src="/_next/static/chunks/7556-812ae2baa0a153d1.js" defer=""></script>
    <script src="/_next/static/chunks/7084-3ca29fc1320dabe2.js" defer=""></script>
    <script src="/_next/static/chunks/9099-fb873ad1a6bf4b74.js" defer=""></script>
    <script src="/_next/static/chunks/8977-2159b822a1ecb191.js" defer=""></script>
    <script src="/_next/static/chunks/6577-60b2bbf16509d559.js" defer=""></script>
    <script src="/_next/static/chunks/2262-4b35b9bd2b20be30.js" defer=""></script>
    <script src="/_next/static/chunks/1553-cdf0452dad75cab2.js" defer=""></script>
    <script src="/_next/static/chunks/234-6fae07147b256f82.js" defer=""></script>
    <script src="/_next/static/chunks/1776-5da3425626bf38bc.js" defer=""></script>
    <script src="/_next/static/chunks/6557-21ef0c1c9c68df95.js" defer=""></script>
    <script src="/_next/static/chunks/5511-d026cb9b8be94465.js" defer=""></script>
    <script src="/_next/static/chunks/83-fefe898b2c29c737.js" defer=""></script>
    <script src="/_next/static/chunks/2641-9d7fba3465a490f9.js" defer=""></script>
    <script src="/_next/static/chunks/1327-fd306cf6755a285a.js" defer=""></script>
    <script src="/_next/static/chunks/2079-4f7bc3c7e80ee325.js" defer=""></script>
    <script src="/_next/static/chunks/1096-5192f3233a6f1e21.js" defer=""></script>
    <script src="/_next/static/chunks/9577-b28a70e1d34dc531.js" defer=""></script>
    <script src="/_next/static/chunks/1815-f75e9d31cecf4eb0.js" defer=""></script>
    <script src="/_next/static/chunks/pages/%5Bproduct-name%5D/%5Bcode%5D-d0fc6100b21bb032.js" defer=""></script>
    <script src="/_next/static/Pa9Cw4rPZUVyQlPeQFsNf/_buildManifest.js" defer=""></script>
    <script src="/_next/static/Pa9Cw4rPZUVyQlPeQFsNf/_ssgManifest.js" defer=""></script>
</head>

<body><noscript><iframe src="https://measure.docmorris.de/ns.html?id=GTM-KBGX7K8" height="0" width="0"
            style="display:none;visibility:hidden"></iframe></noscript>
    <div id="__next">
        <div id="app">
            <div data-testid="header" class="Header_header__dpsby Header_withMarginBottom__ml5lo sm:mb-8">
                <div class="Header_inner__GFOO_ [animation-fill-mode:forwards]">
                    <section class="Header_topbar__ISnI_"></section>
                    <section class="Header_section__c_y9P h-full">
                        <div data-testid=""
                            class="mx-auto px-3 my-0 py-0 max-w-[1280px] md:px-10 sm:pb-24 legacy:px-[10px] Header_sectionContent__CbCaO flex h-full">
                            <div class="Header_logo__lkRhP Header_logoDesktop__Wc0y_"><a href="/"><img
                                        class="mt-2 flex h-10 items-center" data-testid="full-logo"
                                        src="/new-web/assets/svg/logo.svg" alt="DocMorris" width="220"
                                        height="59.45945945945946" /></a></div>
                            <div class="Header_logo__lkRhP Header_logoMobile__t5xYy"><a href="/"><img
                                        class="mt-2 flex h-10 items-center" data-testid="full-logo"
                                        src="/new-web/assets/svg/logo.svg" alt="DocMorris" width="165"
                                        height="44.59459459459459" /></a></div>
                            <div class="Header_search__3XMPG">
                                <div role="combobox" aria-expanded="false" aria-haspopup="listbox"
                                    aria-labelledby="main-search-bar-algolia-label" class="relative">
                                    <form action="/search" novalidate="" role="search"
                                        data-testid="autocomplete-search-form" class="border-grey-2 flex h-10 border">
                                        <input data-testid="autocomplete-search-form-input" aria-autocomplete="both"
                                            aria-labelledby="main-search-bar-algolia-label"
                                            id="main-search-bar-algolia-input" autoComplete="off" autoCorrect="off"
                                            autoCapitalize="off" enterKeyHint="search" spellcheck="false"
                                            placeholder="Nach Begriff, Medikament oder PZN suchen" maxLength="512"
                                            type="text" name="query"
                                            class="grow px-4 py-0 text-base focus:outline-none md:text-sm"
                                            value="" /><label class="sr-only"
                                            for="main-search-bar-algolia-input">Suchen</label><button
                                            class="bg-grey-6 ml-auto flex w-10 items-center justify-center"
                                            aria-label="Suche" type="submit"><svg viewBox="0 0 24 24" fill="none"
                                                xmlns="http://www.w3.org/2000/svg" stroke="currentColor"
                                                stroke-linecap="round" stroke-linejoin="round" height="1.25rem"
                                                width="1.25rem" aria-hidden="true" focusable="false" id="search"
                                                aria-label="search" role="img">
                                                <path
                                                    d="M20.0033 20.0034L16.0517 16.0517M18.1205 11.0586C18.1205 14.9588 14.9588 18.1206 11.0586 18.1206C7.15838 18.1206 3.99664 14.9588 3.99664 11.0586C3.99664 7.15844 7.15838 3.9967 11.0586 3.9967C14.9588 3.9967 18.1205 7.15844 18.1205 11.0586Z">
                                                </path>
                                            </svg></button>
                                    </form>
                                </div>
                            </div>
                            <div class="Header_indicators__ojA88"><a data-testid="erx-link" title="E‑Rezept"
                                    class="Header_indicator__TkGze"
                                    href="/rezepte/egk-elektronische-gesundheitskarte"><svg viewBox="0 0 24 24"
                                        fill="none" xmlns="http://www.w3.org/2000/svg" stroke="currentColor"
                                        stroke-width="1.5" stroke-linecap="round" stroke-linejoin="round"
                                        id="prescription" aria-label="prescription" role="img">
                                        <path fill-rule="evenodd" clip-rule="evenodd"
                                            d="M23 15.2C23 14.7582 22.6418 14.4 22.2 14.4H20.6V12.8C20.6 12.3582 20.2418 12 19.8 12H18.2C17.7582 12 17.4 12.3582 17.4 12.8V14.4H15.8C15.3582 14.4 15 14.7582 15 15.2V16.8C15 17.2418 15.3582 17.6 15.8 17.6H17.4V19.2C17.4 19.6418 17.7582 20 18.2 20H19.8C20.2418 20 20.6 19.6418 20.6 19.2V17.6H22.2C22.6418 17.6 23 17.2418 23 16.8V15.2Z">
                                        </path>
                                        <path d="M4.99998 7.5H17"></path>
                                        <path d="M4.99998 11.5H12"></path>
                                        <path d="M4.99998 15.5H6.99998"></path>
                                        <path
                                            d="M23 9V6C23 4.34315 21.6569 3 20 3H4.00002C2.34316 3 1.00002 4.34315 1.00002 6V17C1.00002 18.6569 2.34316 20 4.00002 20H11.8462">
                                        </path>
                                    </svg><span class="Header_indicatorLabel__qUqaq">E‑Rezept</span></a>
                                <div
                                    class="tablet:mx-[22.5px] tablet:w-auto group relative flex w-[37px] items-center justify-center md:mx-[18px]">
                                    <button aria-expanded="false" aria-controls="my-docmorris-flyout" type="button"
                                        title="Mein DocMorris" data-testid="my-docmorris-button">
                                        <div
                                            class="text-grey-2 group-hover:bg-grey-7 group-hover:shadow-card tablet:h-[62px] tablet:w-[70px] tablet:pt-[6.5px] z-10 flex flex-col items-center rounded-t-lg">
                                            <svg viewBox="0 0 24 24" fill="none" xmlns="http://www.w3.org/2000/svg"
                                                stroke="currentColor" stroke-width="1.5" stroke-linecap="round"
                                                stroke-linejoin="round"
                                                class="h-[25px] w-[25px] md:h-[28px] md:w-[28px]" id="account"
                                                aria-label="account" role="img">
                                                <path
                                                    d="M17.707 18.958C16.272 17.447 14.248 16.5 12 16.5C9.752 16.5 7.728 17.447 6.293 18.959M18.364 5.63604C21.8787 9.15076 21.8787 14.8492 18.364 18.3639C14.8493 21.8787 9.1508 21.8787 5.6361 18.3639C2.12138 14.8492 2.12138 9.15074 5.6361 5.63604C9.15082 2.12132 14.8493 2.12132 18.364 5.63604ZM13.9891 8.32391C15.0876 9.42245 15.0876 11.2035 13.9891 12.3021C12.8906 13.4006 11.1095 13.4006 10.0109 12.3021C8.91238 11.2035 8.91238 9.42245 10.0109 8.32391C11.1095 7.22537 12.8906 7.22537 13.9891 8.32391Z">
                                                </path>
                                            </svg><span data-testid="account-label"
                                                class="hidden text-xs md:block">Konto</span>
                                        </div>
                                    </button>
                                    <div data-testid="navigation-modal" class="absolute right-0 top-[62px] z-10">
                                        <div class="h-96 bg-grey-7 w-80 px-5 py-4 hidden rounded-b-lg rounded-tl-lg tablet:group-hover:block shadow-card max-h-[calc(97vh-107px)] overflow-y-auto"
                                            data-testid="navigation-skeleton"></div>
                                    </div>
                                </div><a data-testid="cart-link" title="Warenkorb"
                                    class="Header_indicator__TkGze Header_indicatorCart__qJpkZ" href="/purchase"><svg
                                        viewBox="0 0 24 24" fill="none" xmlns="http://www.w3.org/2000/svg"
                                        stroke="currentColor" stroke-width="1.5" stroke-linecap="round"
                                        stroke-linejoin="round" id="cart" aria-label="cart" role="img">
                                        <path
                                            d="M5.96899 6.625L5.30199 3.625H3.37299M5.96899 6.625L7.73099 14.835C7.82999 15.296 8.23699 15.625 8.70799 15.625H17.125C17.597 15.625 18.004 15.296 18.103 14.835L19.605 7.835C19.738 7.212 19.264 6.625 18.627 6.625H5.96899Z">
                                        </path>
                                        <path
                                            d="M17.465 19.25C17.258 19.25 17.09 19.418 17.092 19.625C17.092 19.832 17.26 20 17.467 20C17.674 20 17.842 19.832 17.842 19.625C17.841 19.418 17.673 19.25 17.465 19.25">
                                        </path>
                                        <path
                                            d="M8.85599 19.25C8.64899 19.25 8.48099 19.418 8.48299 19.625C8.48199 19.832 8.64999 20 8.85699 20C9.06399 20 9.23199 19.832 9.23199 19.625C9.23199 19.418 9.06399 19.25 8.85599 19.25">
                                        </path>
                                    </svg><span class="Header_indicatorLabel__qUqaq">Warenkorb</span></a><button
                                    aria-labelledby="menu-burger-label"
                                    class="Header_indicator__TkGze Header_indicatorNav__8WV0b"><svg viewBox="0 0 24 24"
                                        fill="none" xmlns="http://www.w3.org/2000/svg" stroke="currentColor"
                                        stroke-width="1.5" stroke-linecap="round" stroke-linejoin="round"
                                        id="menu-burger" aria-label="menu-burger" role="img">
                                        <path d="M5.49765 12H18.5027M5.49765 16.0017H18.5027M5.49731 7.99835H18.5024">
                                        </path>
                                    </svg><span id="menu-burger-label"
                                        class="Header_indicatorLabel__qUqaq">Menü</span></button>
                            </div>
                        </div>
                    </section>
                    <section class="Navbar_navbar__RlA_Q" data-testid="navbar" aria-label="Hauptnavigation">
                        <nav data-testid=""
                            class="mx-auto px-3 my-0 py-0 max-w-[1280px] md:px-10 sm:pb-24 legacy:px-[10px] Navbar_content__i0vzn">
                            <ul class="Navbar_list__zuT13">
                                <li class="Navbar_listItem__TxuTh">
                                    <div class="Navbar_listItemContent__5EVRm"><a
                                            class="Navbar_navbarItem__Nl9IG Navbar_link__0N5ks"
                                            href="/lp/produkte">Kategorien</a><button
                                            class="h-full w-0 overflow-hidden border-0 bg-transparent p-0 text-white">Kategorien<!-- -->
                                            <!-- -->öffnen</button></div>
                                    <div class="Flyout_flyout__U_LBZ Flyout_flyoutHidden___zpc3"></div>
                                </li>
                                <li class="Navbar_listItem__TxuTh">
                                    <div class="Navbar_listItemContent__5EVRm"><a
                                            class="Navbar_navbarItem__Nl9IG Navbar_link__0N5ks"
                                            href="/angebote/stark-reduziert">% Angebote</a><button
                                            class="h-full w-0 overflow-hidden border-0 bg-transparent p-0 text-white">%
                                            Angebote<!-- --> <!-- -->öffnen</button></div>
                                    <div class="Flyout_flyout__U_LBZ Flyout_flyoutHidden___zpc3"></div>
                                </li>
                                <li class="Navbar_listItem__TxuTh">
                                    <div class="Navbar_listItemContent__5EVRm"><a
                                            class="Navbar_navbarItem__Nl9IG Navbar_link__0N5ks"
                                            href="/arzneimittel-gesundheit">Medikamente</a><button
                                            class="h-full w-0 overflow-hidden border-0 bg-transparent p-0 text-white">Medikamente<!-- -->
                                            <!-- -->öffnen</button></div>
                                    <div class="Flyout_flyout__U_LBZ Flyout_flyoutHidden___zpc3"></div>
                                </li>
                                <li class="Navbar_listItem__TxuTh">
                                    <div class="Navbar_listItemContent__5EVRm"><a
                                            class="Navbar_navbarItem__Nl9IG Navbar_link__0N5ks"
                                            href="/beauty-pflege">Beauty &amp; Pflege</a><button
                                            class="h-full w-0 overflow-hidden border-0 bg-transparent p-0 text-white">Beauty
                                            &amp; Pflege<!-- --> <!-- -->öffnen</button></div>
                                    <div class="Flyout_flyout__U_LBZ Flyout_flyoutHidden___zpc3"></div>
                                </li>
                                <li class="Navbar_listItem__TxuTh">
                                    <div class="Navbar_listItemContent__5EVRm"><a
                                            class="Navbar_navbarItem__Nl9IG Navbar_link__0N5ks"
                                            href="/kinder-familie">Familie</a><button
                                            class="h-full w-0 overflow-hidden border-0 bg-transparent p-0 text-white">Familie<!-- -->
                                            <!-- -->öffnen</button></div>
                                    <div class="Flyout_flyout__U_LBZ Flyout_flyoutHidden___zpc3"></div>
                                </li>
                                <li class="Navbar_listItem__TxuTh">
                                    <div class="Navbar_listItemContent__5EVRm"><a
                                            class="Navbar_navbarItem__Nl9IG Navbar_link__0N5ks"
                                            href="/vitamine-sport-ernaehrung">Ernährung</a><button
                                            class="h-full w-0 overflow-hidden border-0 bg-transparent p-0 text-white">Ernährung<!-- -->
                                            <!-- -->öffnen</button></div>
                                    <div class="Flyout_flyout__U_LBZ Flyout_flyoutHidden___zpc3"></div>
                                </li>
                                <li class="Navbar_listItem__TxuTh">
                                    <div class="Navbar_listItemContent__5EVRm"><a
                                            class="Navbar_navbarItem__Nl9IG Navbar_link__0N5ks"
                                            href="/ratgeber">Ratgeber</a><button
                                            class="h-full w-0 overflow-hidden border-0 bg-transparent p-0 text-white">Ratgeber<!-- -->
                                            <!-- -->öffnen</button></div>
                                    <div class="Flyout_flyout__U_LBZ Flyout_flyoutHidden___zpc3"></div>
                                </li>
                                <li class="Navbar_listItem__TxuTh">
                                    <div class="Navbar_listItemContent__5EVRm"><a
                                            class="Navbar_navbarItem__Nl9IG Navbar_navbarItemWithIcon__6s_TS Navbar_link__0N5ks"
                                            href="/rezepte"><svg viewBox="0 0 24 24" fill="none"
                                                xmlns="http://www.w3.org/2000/svg" stroke="currentColor"
                                                stroke-width="1.5" stroke-linecap="round" stroke-linejoin="round"
                                                class="Navbar_icon__ivqwY" id="prescription" aria-label="prescription"
                                                role="img">
                                                <path fill-rule="evenodd" clip-rule="evenodd"
                                                    d="M23 15.2C23 14.7582 22.6418 14.4 22.2 14.4H20.6V12.8C20.6 12.3582 20.2418 12 19.8 12H18.2C17.7582 12 17.4 12.3582 17.4 12.8V14.4H15.8C15.3582 14.4 15 14.7582 15 15.2V16.8C15 17.2418 15.3582 17.6 15.8 17.6H17.4V19.2C17.4 19.6418 17.7582 20 18.2 20H19.8C20.2418 20 20.6 19.6418 20.6 19.2V17.6H22.2C22.6418 17.6 23 17.2418 23 16.8V15.2Z">
                                                </path>
                                                <path d="M4.99998 7.5H17"></path>
                                                <path d="M4.99998 11.5H12"></path>
                                                <path d="M4.99998 15.5H6.99998"></path>
                                                <path
                                                    d="M23 9V6C23 4.34315 21.6569 3 20 3H4.00002C2.34316 3 1.00002 4.34315 1.00002 6V17C1.00002 18.6569 2.34316 20 4.00002 20H11.8462">
                                                </path>
                                            </svg>Rezept einlösen</a><button
                                            class="h-full w-0 overflow-hidden border-0 bg-transparent p-0 text-white">Rezept
                                            einlösen<!-- --> <!-- -->öffnen</button></div>
                                    <div class="Flyout_flyout__U_LBZ Flyout_flyoutHidden___zpc3"></div>
                                </li>
                            </ul>
                        </nav>
                    </section>
                </div>
            </div>
            <main class="text-grey-1">
                <div data-testid="" class="mx-auto px-3 my-0 py-0 max-w-[1280px] md:px-10 sm:pb-24 legacy:px-[10px]">
                    <div class="mb-2 flex flex-wrap md:mb-4">
                        <div class="block max-w-full flex-[0_0_100%]">
                            <div class="w-full">
                                <ul class="flex gap-x-3" aria-label="Navigation">
                                    <li data-testid="breadcrumb-item"
                                        class="text-grey-1 group shrink-0 items-center gap-x-3 text-xs hidden lg:flex">
                                        <span
                                            class="before:content-[&quot;&lt;&quot;] lg:before:content-[&quot;&gt;&quot;] lg:group-first:hidden"></span><a
                                            href="/" title="Startseite" aria-current="false"
                                            class="hover:text-grey-1 hover:underline">Startseite</a>
                                    </li>
                                    <li data-testid="breadcrumb-item"
                                        class="text-grey-1 group shrink-0 items-center gap-x-3 text-xs hidden lg:flex">
                                        <span
                                            class="before:content-[&quot;&lt;&quot;] lg:before:content-[&quot;&gt;&quot;] lg:group-first:hidden"></span><a
                                            title="Arzneimittel &amp; Gesundheit" aria-current="false"
                                            class="hover:text-grey-1 hover:underline"
                                            href="/arzneimittel-gesundheit">Arzneimittel &amp; Gesundheit</a>
                                    </li>
                                    <li data-testid="breadcrumb-item"
                                        class="text-grey-1 group shrink-0 items-center gap-x-3 text-xs hidden lg:flex">
                                        <span
                                            class="before:content-[&quot;&lt;&quot;] lg:before:content-[&quot;&gt;&quot;] lg:group-first:hidden"></span><a
                                            title="Muskeln, Knochen, Gelenke" aria-current="false"
                                            class="hover:text-grey-1 hover:underline"
                                            href="/arzneimittel-gesundheit/muskeln-knochen-gelenke">Muskeln, Knochen,
                                            Gelenke</a>
                                    </li>
                                    <li data-testid="breadcrumb-item"
                                        class="text-grey-1 group shrink-0 items-center gap-x-3 text-xs hidden lg:flex">
                                        <span
                                            class="before:content-[&quot;&lt;&quot;] lg:before:content-[&quot;&gt;&quot;] lg:group-first:hidden"></span><a
                                            title="Stauchung, Prellung &amp; Zerrung" aria-current="false"
                                            class="hover:text-grey-1 hover:underline"
                                            href="/arzneimittel-gesundheit/muskeln-knochen-gelenke/stauchung-prellung-zerrung">Stauchung,
                                            Prellung &amp; Zerrung</a>
                                    </li>
                                    <li data-testid="breadcrumb-item"
                                        class="text-grey-1 group flex shrink-0 items-center gap-x-3 text-xs"><span
                                            class="before:content-[&quot;&lt;&quot;] lg:before:content-[&quot;&gt;&quot;] lg:group-first:hidden"></span><a
                                            title="Cremes &amp; Gele" aria-current="false"
                                            class="hover:text-grey-1 hover:underline"
                                            href="/arzneimittel-gesundheit/muskeln-knochen-gelenke/stauchung-prellung-zerrung/cremes-gele">Cremes
                                            &amp; Gele</a></li>
                                    <li data-testid="breadcrumb-item"
                                        class="text-grey-1 group shrink-0 items-center gap-x-3 text-xs hidden lg:flex">
                                        <span
                                            class="before:content-[&quot;&lt;&quot;] lg:before:content-[&quot;&gt;&quot;] lg:group-first:hidden"></span><span
                                            class="text-grey-2 hidden lg:inline" title="Kytta Schmerzsalbe 150 g"
                                            aria-current="page">Kytta Schmerzsalbe 150 g</span>
                                    </li>
                                </ul>
                            </div>
                        </div>
                    </div>
                    <div class="flex flex-wrap">
                        <div class="block max-w-full flex-[0_0_100%]">
                            <h1 data-testid="title" class=" break-words">Kytta Schmerzsalbe 150 g</h1>
                        </div>
                    </div>
                    <div class="flex flex-wrap">
                        <div class="relative block max-w-full flex-[0_0_100%]">
                            <div class="mb-4 h-[19px]">
                                <div class="leading-3xl text-grey-4 absolute top-0 flex h-4 items-center">
                                    <div class="rating-stars_ratingStars__0zPR5">
                                        <div title="skeleton rating" class="rating-stars_stars__TQWHl"><svg
                                                xmlns="http://www.w3.org/2000/svg" viewBox="0 0 100 100" width="1rem"
                                                id="LEGACY_star-100-percent" aria-label="LEGACY_star-100-percent"
                                                role="img">
                                                <path fill="currentColor"
                                                    d="m98 39.373-34.162-2.9L50.502 4.995l-13.34 31.486L3 39.381 28.933 61.85l-7.792 33.39 29.36-17.718 29.36 17.718-7.792-33.4z">
                                                </path>
                                            </svg><svg xmlns="http://www.w3.org/2000/svg" viewBox="0 0 100 100"
                                                width="1rem" id="LEGACY_star-100-percent"
                                                aria-label="LEGACY_star-100-percent" role="img">
                                                <path fill="currentColor"
                                                    d="m98 39.373-34.162-2.9L50.502 4.995l-13.34 31.486L3 39.381 28.933 61.85l-7.792 33.39 29.36-17.718 29.36 17.718-7.792-33.4z">
                                                </path>
                                            </svg><svg xmlns="http://www.w3.org/2000/svg" viewBox="0 0 100 100"
                                                width="1rem" id="LEGACY_star-100-percent"
                                                aria-label="LEGACY_star-100-percent" role="img">
                                                <path fill="currentColor"
                                                    d="m98 39.373-34.162-2.9L50.502 4.995l-13.34 31.486L3 39.381 28.933 61.85l-7.792 33.39 29.36-17.718 29.36 17.718-7.792-33.4z">
                                                </path>
                                            </svg><svg xmlns="http://www.w3.org/2000/svg" viewBox="0 0 100 100"
                                                width="1rem" id="LEGACY_star-100-percent"
                                                aria-label="LEGACY_star-100-percent" role="img">
                                                <path fill="currentColor"
                                                    d="m98 39.373-34.162-2.9L50.502 4.995l-13.34 31.486L3 39.381 28.933 61.85l-7.792 33.39 29.36-17.718 29.36 17.718-7.792-33.4z">
                                                </path>
                                            </svg><svg xmlns="http://www.w3.org/2000/svg" viewBox="0 0 100 100"
                                                width="1rem" id="LEGACY_star-75-percent"
                                                aria-label="LEGACY_star-75-percent" role="img">
                                                <defs>
                                                    <clipPath id="a">
                                                        <path fill="none"
                                                            d="M60.841 31.473 47.5 0 34.159 31.473 0 34.373l25.933 22.464-7.793 33.4L47.5 72.516l29.357 17.718-7.79-33.394L95 34.376z">
                                                        </path>
                                                    </clipPath>
                                                </defs>
                                                <path fill="currentColor"
                                                    d="M50.5 15.683 60 38.102l.979 2.315 2.5.211L87.8 42.693l-18.469 16-1.9 1.646.574 2.45 5.548 23.775-20.906-12.615-2.152-1.3-2.152 1.3-20.9 12.615 5.548-23.775.571-2.45-1.9-1.646-18.467-16 24.318-2.065 2.5-.211.982-2.315 9.5-22.419m0-10.679L37.157 36.477l-34.162 2.9 25.933 22.464-7.79 33.4L50.495 77.52l29.36 17.718-7.793-33.394L97.995 39.38l-34.162-2.9L50.495 5.007z">
                                                </path>
                                                <g clip-path="url(#a)" transform="translate(3 5.001)">
                                                    <path fill="currentColor"
                                                        d="M-39.425-24.155h97.408V96.303h-97.408z"></path>
                                                </g>
                                            </svg></div>
                                        <div><span class="leading-xl ml-1 text-sm">(<!-- -->495<!-- -->)</span></div>
                                    </div>
                                </div>
                            </div>
                        </div>
                    </div>
                    <div class="grid grid-cols-[1fr] [grid-template-areas:&#x27;packshot&#x27;_&#x27;selectorCart&#x27;_&#x27;valueprop&#x27;] md:grid-cols-[1fr_1fr] md:grid-rows-[auto_1fr]
                    md:gap-x-4
                    md:[grid-template-areas:&#x27;packshot_selectorCart&#x27;_&#x27;valueprop_selectorCart&#x27;]">
                        <div class="mb-3 [grid-area:packshot] md:mb-8">
                            <div data-testid="pack-shots-slider">
                                <div class="PackShotsSlider_packShotsSliderWrapper__n_YIT">
                                    <div class="carousel-root PackShotsSlider_packShotsSlider___4agg">
                                        <div class="carousel carousel-slider" style="width:100%">
                                            <div class="slider-wrapper axis-horizontal">
                                                <ul class="slider animated"
                                                    style="-webkit-transform:translate3d(0,0,0);-ms-transform:translate3d(0,0,0);-o-transform:translate3d(0,0,0);transform:translate3d(0,0,0);-webkit-transition-duration:350ms;-moz-transition-duration:350ms;-o-transition-duration:350ms;transition-duration:350ms;-ms-transition-duration:350ms">
                                                    <li class="slide selected previous">
                                                        <div class="PackShotsSlider_slide__Iia_a" role="button"
                                                            tabindex="0">
                                                            <div class="PackShotsSlider_hasCarousel__U4kZb">
                                                                <div
                                                                    class="relative overflow-hidden ImageSource_image__mca28">
                                                                    <span
                                                                        style="box-sizing:border-box;display:inline-block;overflow:hidden;width:initial;height:initial;background:none;opacity:1;border:0;margin:0;padding:0;position:relative;max-width:100%"><span
                                                                            style="box-sizing:border-box;display:block;width:initial;height:initial;background:none;opacity:1;border:0;margin:0;padding:0;max-width:100%"><img
                                                                                style="display:block;max-width:100%;width:initial;height:initial;background:none;opacity:1;border:0;margin:0;padding:0"
                                                                                alt="" aria-hidden="true"
                                                                                src="data:image/svg+xml,%3csvg%20xmlns=%27http://www.w3.org/2000/svg%27%20version=%271.1%27%20width=%27300%27%20height=%27300%27/%3e" /></span><img
                                                                            alt="Kytta Schmerzsalbe 150 g"
                                                                            title="Kytta Schmerzsalbe 150 g"
                                                                            aria-label="image"
                                                                            src="https://statics.docmorris.de/static/produkte/FX5UP389/docmorris/ps300r/kytta-schmerzsalbe-150-g-10832865-0-1720620118087441.jpg"
                                                                            decoding="async" data-nimg="intrinsic"
                                                                            class=" "
                                                                            style="position:absolute;top:0;left:0;bottom:0;right:0;box-sizing:border-box;padding:0;border:none;margin:auto;display:block;width:0;height:0;min-width:100%;max-width:100%;min-height:100%;max-height:100%" /></span><span
                                                                        data-testid="skeleton"
                                                                        class="Skeleton_skeletonbox__Ae1Fg Skeleton_skeletonAnimation__mxWPc"
                                                                        style="width:300px;height:300px;position:absolute"></span>
                                                                </div>
                                                            </div>
                                                        </div>
                                                    </li>
                                                    <li class="slide">
                                                        <div class="PackShotsSlider_slide__Iia_a" role="button"
                                                            tabindex="0">
                                                            <div class="PackShotsSlider_hasCarousel__U4kZb">
                                                                <div
                                                                    class="relative overflow-hidden ImageSource_image__mca28">
                                                                    <span
                                                                        style="box-sizing:border-box;display:inline-block;overflow:hidden;width:initial;height:initial;background:none;opacity:1;border:0;margin:0;padding:0;position:relative;max-width:100%"><span
                                                                            style="box-sizing:border-box;display:block;width:initial;height:initial;background:none;opacity:1;border:0;margin:0;padding:0;max-width:100%"><img
                                                                                style="display:block;max-width:100%;width:initial;height:initial;background:none;opacity:1;border:0;margin:0;padding:0"
                                                                                alt="" aria-hidden="true"
                                                                                src="data:image/svg+xml,%3csvg%20xmlns=%27http://www.w3.org/2000/svg%27%20version=%271.1%27%20width=%27300%27%20height=%27300%27/%3e" /></span><img
                                                                            alt="Kytta Schmerzsalbe 150 g"
                                                                            title="Kytta Schmerzsalbe 150 g"
                                                                            aria-label="image"
                                                                            src="data:image/gif;base64,R0lGODlhAQABAIAAAAAAAP///yH5BAEAAAAALAAAAAABAAEAAAIBRAA7"
                                                                            decoding="async" data-nimg="intrinsic"
                                                                            class=" "
                                                                            style="position:absolute;top:0;left:0;bottom:0;right:0;box-sizing:border-box;padding:0;border:none;margin:auto;display:block;width:0;height:0;min-width:100%;max-width:100%;min-height:100%;max-height:100%" /><noscript><img
                                                                                alt="Kytta Schmerzsalbe 150 g"
                                                                                title="Kytta Schmerzsalbe 150 g"
                                                                                aria-label="image" loading="lazy"
                                                                                decoding="async" data-nimg="intrinsic"
                                                                                style="position:absolute;top:0;left:0;bottom:0;right:0;box-sizing:border-box;padding:0;border:none;margin:auto;display:block;width:0;height:0;min-width:100%;max-width:100%;min-height:100%;max-height:100%"
                                                                                class=" "
                                                                                src="https://statics.docmorris.de/static/produkte/FX5UP389/docmorris/ps300r/kytta-schmerzsalbe-150-g-10832865-2-1720620118721051.jpeg" /></noscript></span><span
                                                                        data-testid="skeleton"
                                                                        class="Skeleton_skeletonbox__Ae1Fg Skeleton_skeletonAnimation__mxWPc"
                                                                        style="width:300px;height:300px;position:absolute"></span>
                                                                </div>
                                                            </div>
                                                        </div>
                                                    </li>
                                                    <li class="slide">
                                                        <div class="PackShotsSlider_slide__Iia_a" role="button"
                                                            tabindex="0">
                                                            <div class="PackShotsSlider_hasCarousel__U4kZb">
                                                                <div
                                                                    class="relative overflow-hidden ImageSource_image__mca28">
                                                                    <span
                                                                        style="box-sizing:border-box;display:inline-block;overflow:hidden;width:initial;height:initial;background:none;opacity:1;border:0;margin:0;padding:0;position:relative;max-width:100%"><span
                                                                            style="box-sizing:border-box;display:block;width:initial;height:initial;background:none;opacity:1;border:0;margin:0;padding:0;max-width:100%"><img
                                                                                style="display:block;max-width:100%;width:initial;height:initial;background:none;opacity:1;border:0;margin:0;padding:0"
                                                                                alt="" aria-hidden="true"
                                                                                src="data:image/svg+xml,%3csvg%20xmlns=%27http://www.w3.org/2000/svg%27%20version=%271.1%27%20width=%27300%27%20height=%27300%27/%3e" /></span><img
                                                                            alt="Kytta Schmerzsalbe 150 g"
                                                                            title="Kytta Schmerzsalbe 150 g"
                                                                            aria-label="image"
                                                                            src="data:image/gif;base64,R0lGODlhAQABAIAAAAAAAP///yH5BAEAAAAALAAAAAABAAEAAAIBRAA7"
                                                                            decoding="async" data-nimg="intrinsic"
                                                                            class=" "
                                                                            style="position:absolute;top:0;left:0;bottom:0;right:0;box-sizing:border-box;padding:0;border:none;margin:auto;display:block;width:0;height:0;min-width:100%;max-width:100%;min-height:100%;max-height:100%" /><noscript><img
                                                                                alt="Kytta Schmerzsalbe 150 g"
                                                                                title="Kytta Schmerzsalbe 150 g"
                                                                                aria-label="image" loading="lazy"
                                                                                decoding="async" data-nimg="intrinsic"
                                                                                style="position:absolute;top:0;left:0;bottom:0;right:0;box-sizing:border-box;padding:0;border:none;margin:auto;display:block;width:0;height:0;min-width:100%;max-width:100%;min-height:100%;max-height:100%"
                                                                                class=" "
                                                                                src="https://statics.docmorris.de/static/produkte/FX5UP389/docmorris/ps300r/kytta-schmerzsalbe-150-g-10832865-3-1720620118989838.jpeg" /></noscript></span><span
                                                                        data-testid="skeleton"
                                                                        class="Skeleton_skeletonbox__Ae1Fg Skeleton_skeletonAnimation__mxWPc"
                                                                        style="width:300px;height:300px;position:absolute"></span>
                                                                </div>
                                                            </div>
                                                        </div>
                                                    </li>
                                                    <li class="slide">
                                                        <div class="PackShotsSlider_slide__Iia_a" role="button"
                                                            tabindex="0">
                                                            <div class="PackShotsSlider_hasCarousel__U4kZb">
                                                                <div
                                                                    class="relative overflow-hidden ImageSource_image__mca28">
                                                                    <span
                                                                        style="box-sizing:border-box;display:inline-block;overflow:hidden;width:initial;height:initial;background:none;opacity:1;border:0;margin:0;padding:0;position:relative;max-width:100%"><span
                                                                            style="box-sizing:border-box;display:block;width:initial;height:initial;background:none;opacity:1;border:0;margin:0;padding:0;max-width:100%"><img
                                                                                style="display:block;max-width:100%;width:initial;height:initial;background:none;opacity:1;border:0;margin:0;padding:0"
                                                                                alt="" aria-hidden="true"
                                                                                src="data:image/svg+xml,%3csvg%20xmlns=%27http://www.w3.org/2000/svg%27%20version=%271.1%27%20width=%27300%27%20height=%27300%27/%3e" /></span><img
                                                                            alt="Kytta Schmerzsalbe 150 g"
                                                                            title="Kytta Schmerzsalbe 150 g"
                                                                            aria-label="image"
                                                                            src="data:image/gif;base64,R0lGODlhAQABAIAAAAAAAP///yH5BAEAAAAALAAAAAABAAEAAAIBRAA7"
                                                                            decoding="async" data-nimg="intrinsic"
                                                                            class=" "
                                                                            style="position:absolute;top:0;left:0;bottom:0;right:0;box-sizing:border-box;padding:0;border:none;margin:auto;display:block;width:0;height:0;min-width:100%;max-width:100%;min-height:100%;max-height:100%" /><noscript><img
                                                                                alt="Kytta Schmerzsalbe 150 g"
                                                                                title="Kytta Schmerzsalbe 150 g"
                                                                                aria-label="image" loading="lazy"
                                                                                decoding="async" data-nimg="intrinsic"
                                                                                style="position:absolute;top:0;left:0;bottom:0;right:0;box-sizing:border-box;padding:0;border:none;margin:auto;display:block;width:0;height:0;min-width:100%;max-width:100%;min-height:100%;max-height:100%"
                                                                                class=" "
                                                                                src="https://statics.docmorris.de/static/produkte/FX5UP389/docmorris/ps300r/kytta-schmerzsalbe-150-g-10832865-4-1720620119264784.jpeg" /></noscript></span><span
                                                                        data-testid="skeleton"
                                                                        class="Skeleton_skeletonbox__Ae1Fg Skeleton_skeletonAnimation__mxWPc"
                                                                        style="width:300px;height:300px;position:absolute"></span>
                                                                </div>
                                                            </div>
                                                        </div>
                                                    </li>
                                                    <li class="slide">
                                                        <div class="PackShotsSlider_slide__Iia_a" role="button"
                                                            tabindex="0">
                                                            <div class="PackShotsSlider_hasCarousel__U4kZb">
                                                                <div
                                                                    class="relative overflow-hidden ImageSource_image__mca28">
                                                                    <span
                                                                        style="box-sizing:border-box;display:inline-block;overflow:hidden;width:initial;height:initial;background:none;opacity:1;border:0;margin:0;padding:0;position:relative;max-width:100%"><span
                                                                            style="box-sizing:border-box;display:block;width:initial;height:initial;background:none;opacity:1;border:0;margin:0;padding:0;max-width:100%"><img
                                                                                style="display:block;max-width:100%;width:initial;height:initial;background:none;opacity:1;border:0;margin:0;padding:0"
                                                                                alt="" aria-hidden="true"
                                                                                src="data:image/svg+xml,%3csvg%20xmlns=%27http://www.w3.org/2000/svg%27%20version=%271.1%27%20width=%27300%27%20height=%27300%27/%3e" /></span><img
                                                                            alt="Kytta Schmerzsalbe 150 g"
                                                                            title="Kytta Schmerzsalbe 150 g"
                                                                            aria-label="image"
                                                                            src="data:image/gif;base64,R0lGODlhAQABAIAAAAAAAP///yH5BAEAAAAALAAAAAABAAEAAAIBRAA7"
                                                                            decoding="async" data-nimg="intrinsic"
                                                                            class=" "
                                                                            style="position:absolute;top:0;left:0;bottom:0;right:0;box-sizing:border-box;padding:0;border:none;margin:auto;display:block;width:0;height:0;min-width:100%;max-width:100%;min-height:100%;max-height:100%" /><noscript><img
                                                                                alt="Kytta Schmerzsalbe 150 g"
                                                                                title="Kytta Schmerzsalbe 150 g"
                                                                                aria-label="image" loading="lazy"
                                                                                decoding="async" data-nimg="intrinsic"
                                                                                style="position:absolute;top:0;left:0;bottom:0;right:0;box-sizing:border-box;padding:0;border:none;margin:auto;display:block;width:0;height:0;min-width:100%;max-width:100%;min-height:100%;max-height:100%"
                                                                                class=" "
                                                                                src="https://statics.docmorris.de/static/produkte/FX5UP389/docmorris/ps300r/kytta-schmerzsalbe-150-g-10832865-5-1720620119632811.jpeg" /></noscript></span><span
                                                                        data-testid="skeleton"
                                                                        class="Skeleton_skeletonbox__Ae1Fg Skeleton_skeletonAnimation__mxWPc"
                                                                        style="width:300px;height:300px;position:absolute"></span>
                                                                </div>
                                                            </div>
                                                        </div>
                                                    </li>
                                                    <li class="slide">
                                                        <div class="PackShotsSlider_slide__Iia_a" role="button"
                                                            tabindex="0">
                                                            <div class="PackShotsSlider_hasCarousel__U4kZb">
                                                                <div
                                                                    class="relative overflow-hidden ImageSource_image__mca28">
                                                                    <span
                                                                        style="box-sizing:border-box;display:inline-block;overflow:hidden;width:initial;height:initial;background:none;opacity:1;border:0;margin:0;padding:0;position:relative;max-width:100%"><span
                                                                            style="box-sizing:border-box;display:block;width:initial;height:initial;background:none;opacity:1;border:0;margin:0;padding:0;max-width:100%"><img
                                                                                style="display:block;max-width:100%;width:initial;height:initial;background:none;opacity:1;border:0;margin:0;padding:0"
                                                                                alt="" aria-hidden="true"
                                                                                src="data:image/svg+xml,%3csvg%20xmlns=%27http://www.w3.org/2000/svg%27%20version=%271.1%27%20width=%27300%27%20height=%27300%27/%3e" /></span><img
                                                                            alt="Kytta Schmerzsalbe 150 g"
                                                                            title="Kytta Schmerzsalbe 150 g"
                                                                            aria-label="image"
                                                                            src="data:image/gif;base64,R0lGODlhAQABAIAAAAAAAP///yH5BAEAAAAALAAAAAABAAEAAAIBRAA7"
                                                                            decoding="async" data-nimg="intrinsic"
                                                                            class=" "
                                                                            style="position:absolute;top:0;left:0;bottom:0;right:0;box-sizing:border-box;padding:0;border:none;margin:auto;display:block;width:0;height:0;min-width:100%;max-width:100%;min-height:100%;max-height:100%" /><noscript><img
                                                                                alt="Kytta Schmerzsalbe 150 g"
                                                                                title="Kytta Schmerzsalbe 150 g"
                                                                                aria-label="image" loading="lazy"
                                                                                decoding="async" data-nimg="intrinsic"
                                                                                style="position:absolute;top:0;left:0;bottom:0;right:0;box-sizing:border-box;padding:0;border:none;margin:auto;display:block;width:0;height:0;min-width:100%;max-width:100%;min-height:100%;max-height:100%"
                                                                                class=" "
                                                                                src="https://statics.docmorris.de/static/produkte/FX5UP389/docmorris/ps300r/kytta-schmerzsalbe-150-g-10832865-6-1720620119915471.jpeg" /></noscript></span><span
                                                                        data-testid="skeleton"
                                                                        class="Skeleton_skeletonbox__Ae1Fg Skeleton_skeletonAnimation__mxWPc"
                                                                        style="width:300px;height:300px;position:absolute"></span>
                                                                </div>
                                                            </div>
                                                        </div>
                                                    </li>
                                                    <li class="slide">
                                                        <div class="PackShotsSlider_slide__Iia_a" role="button"
                                                            tabindex="0">
                                                            <div class="PackShotsSlider_hasCarousel__U4kZb">
                                                                <div
                                                                    class="relative overflow-hidden ImageSource_image__mca28">
                                                                    <span
                                                                        style="box-sizing:border-box;display:inline-block;overflow:hidden;width:initial;height:initial;background:none;opacity:1;border:0;margin:0;padding:0;position:relative;max-width:100%"><span
                                                                            style="box-sizing:border-box;display:block;width:initial;height:initial;background:none;opacity:1;border:0;margin:0;padding:0;max-width:100%"><img
                                                                                style="display:block;max-width:100%;width:initial;height:initial;background:none;opacity:1;border:0;margin:0;padding:0"
                                                                                alt="" aria-hidden="true"
                                                                                src="data:image/svg+xml,%3csvg%20xmlns=%27http://www.w3.org/2000/svg%27%20version=%271.1%27%20width=%27300%27%20height=%27300%27/%3e" /></span><img
                                                                            alt="Kytta Schmerzsalbe 150 g"
                                                                            title="Kytta Schmerzsalbe 150 g"
                                                                            aria-label="image"
                                                                            src="data:image/gif;base64,R0lGODlhAQABAIAAAAAAAP///yH5BAEAAAAALAAAAAABAAEAAAIBRAA7"
                                                                            decoding="async" data-nimg="intrinsic"
                                                                            class=" "
                                                                            style="position:absolute;top:0;left:0;bottom:0;right:0;box-sizing:border-box;padding:0;border:none;margin:auto;display:block;width:0;height:0;min-width:100%;max-width:100%;min-height:100%;max-height:100%" /><noscript><img
                                                                                alt="Kytta Schmerzsalbe 150 g"
                                                                                title="Kytta Schmerzsalbe 150 g"
                                                                                aria-label="image" loading="lazy"
                                                                                decoding="async" data-nimg="intrinsic"
                                                                                style="position:absolute;top:0;left:0;bottom:0;right:0;box-sizing:border-box;padding:0;border:none;margin:auto;display:block;width:0;height:0;min-width:100%;max-width:100%;min-height:100%;max-height:100%"
                                                                                class=" "
                                                                                src="https://statics.docmorris.de/static/produkte/FX5UP389/docmorris/ps300r/kytta-schmerzsalbe-150-g-10832865-7-1720620120183847.jpeg" /></noscript></span><span
                                                                        data-testid="skeleton"
                                                                        class="Skeleton_skeletonbox__Ae1Fg Skeleton_skeletonAnimation__mxWPc"
                                                                        style="width:300px;height:300px;position:absolute"></span>
                                                                </div>
                                                            </div>
                                                        </div>
                                                    </li>
                                                </ul>
                                            </div><button
                                                class="flex items-center justify-center rounded-full bg-white p-2.5 shadow-iconButton disabled:opacity-40 hover:[&amp;:not(:disabled)]:border-grey-2 hover:[&amp;:not(:disabled)]:text-balance-green focus:[&amp;:not(:disabled)]:border-grey-2 focus:[&amp;:not(:disabled)]:text-balance-green h-10 w-10 slider-control slider-control__next"
                                                aria-label="next slide / item"><svg xmlns="http://www.w3.org/2000/svg"
                                                    viewBox="0 0 24 24" height="1.25rem" width="1.25rem"
                                                    aria-hidden="true" focusable="false" id="button-right"
                                                    aria-label="button-right" role="img">
                                                    <path fill="none" stroke="currentColor" stroke-linecap="round"
                                                        stroke-linejoin="round" stroke-width="1.5"
                                                        d="m7.51 3 8.99 9.03-9 8.97"></path>
                                                </svg></button>
                                        </div>
                                        <div class="carousel">
                                            <div class="thumbs-wrapper axis-vertical"><button type="button"
                                                    class="control-arrow control-prev control-disabled"
                                                    aria-label="previous slide / item"></button>
                                                <ul class="thumbs animated"
                                                    style="-webkit-transform:translate3d(0,0,0);-moz-transform:translate3d(0,0,0);-ms-transform:translate3d(0,0,0);-o-transform:translate3d(0,0,0);transform:translate3d(0,0,0);-ms-transform:translate3d(0,0,0);-webkit-transition-duration:350ms;-moz-transition-duration:350ms;-ms-transition-duration:350ms;-o-transition-duration:350ms;transition-duration:350ms;-ms-transition-duration:350ms">
                                                    <li class="thumb selected" aria-label="slide item 1"
                                                        style="width:80px" role="button" tabindex="0">
                                                        <div class="" data-testid="thumb-0">
                                                            <div
                                                                class="relative overflow-hidden ImageSource_image__mca28">
                                                                <span
                                                                    style="box-sizing:border-box;display:inline-block;overflow:hidden;width:initial;height:initial;background:none;opacity:1;border:0;margin:0;padding:0;position:relative;max-width:100%"><span
                                                                        style="box-sizing:border-box;display:block;width:initial;height:initial;background:none;opacity:1;border:0;margin:0;padding:0;max-width:100%"><img
                                                                            style="display:block;max-width:100%;width:initial;height:initial;background:none;opacity:1;border:0;margin:0;padding:0"
                                                                            alt="" aria-hidden="true"
                                                                            src="data:image/svg+xml,%3csvg%20xmlns=%27http://www.w3.org/2000/svg%27%20version=%271.1%27%20width=%2786%27%20height=%2786%27/%3e" /></span><img
                                                                        alt="Kytta Schmerzsalbe 150 g"
                                                                        title="Kytta Schmerzsalbe 150 g"
                                                                        aria-label="image"
                                                                        src="data:image/gif;base64,R0lGODlhAQABAIAAAAAAAP///yH5BAEAAAAALAAAAAABAAEAAAIBRAA7"
                                                                        decoding="async" data-nimg="intrinsic" class=" "
                                                                        style="position:absolute;top:0;left:0;bottom:0;right:0;box-sizing:border-box;padding:0;border:none;margin:auto;display:block;width:0;height:0;min-width:100%;max-width:100%;min-height:100%;max-height:100%" /><noscript><img
                                                                            alt="Kytta Schmerzsalbe 150 g"
                                                                            title="Kytta Schmerzsalbe 150 g"
                                                                            aria-label="image" loading="lazy"
                                                                            decoding="async" data-nimg="intrinsic"
                                                                            style="position:absolute;top:0;left:0;bottom:0;right:0;box-sizing:border-box;padding:0;border:none;margin:auto;display:block;width:0;height:0;min-width:100%;max-width:100%;min-height:100%;max-height:100%"
                                                                            class=" "
                                                                            src="https://statics.docmorris.de/static/produkte/FX5UP389/docmorris/ps90r/kytta-schmerzsalbe-150-g-10832865-0-1720620118087441.jpg" /></noscript></span><span
                                                                    data-testid="skeleton"
                                                                    class="Skeleton_skeletonbox__Ae1Fg Skeleton_skeletonAnimation__mxWPc"
                                                                    style="width:86px;height:86px;position:absolute"></span>
                                                            </div>
                                                        </div>
                                                    </li>
                                                    <li class="thumb" aria-label="slide item 2" style="width:80px"
                                                        role="button" tabindex="0">
                                                        <div class="" data-testid="thumb-1">
                                                            <div
                                                                class="relative overflow-hidden ImageSource_image__mca28">
                                                                <span
                                                                    style="box-sizing:border-box;display:inline-block;overflow:hidden;width:initial;height:initial;background:none;opacity:1;border:0;margin:0;padding:0;position:relative;max-width:100%"><span
                                                                        style="box-sizing:border-box;display:block;width:initial;height:initial;background:none;opacity:1;border:0;margin:0;padding:0;max-width:100%"><img
                                                                            style="display:block;max-width:100%;width:initial;height:initial;background:none;opacity:1;border:0;margin:0;padding:0"
                                                                            alt="" aria-hidden="true"
                                                                            src="data:image/svg+xml,%3csvg%20xmlns=%27http://www.w3.org/2000/svg%27%20version=%271.1%27%20width=%2786%27%20height=%2786%27/%3e" /></span><img
                                                                        alt="Kytta Schmerzsalbe 150 g"
                                                                        title="Kytta Schmerzsalbe 150 g"
                                                                        aria-label="image"
                                                                        src="data:image/gif;base64,R0lGODlhAQABAIAAAAAAAP///yH5BAEAAAAALAAAAAABAAEAAAIBRAA7"
                                                                        decoding="async" data-nimg="intrinsic" class=" "
                                                                        style="position:absolute;top:0;left:0;bottom:0;right:0;box-sizing:border-box;padding:0;border:none;margin:auto;display:block;width:0;height:0;min-width:100%;max-width:100%;min-height:100%;max-height:100%" /><noscript><img
                                                                            alt="Kytta Schmerzsalbe 150 g"
                                                                            title="Kytta Schmerzsalbe 150 g"
                                                                            aria-label="image" loading="lazy"
                                                                            decoding="async" data-nimg="intrinsic"
                                                                            style="position:absolute;top:0;left:0;bottom:0;right:0;box-sizing:border-box;padding:0;border:none;margin:auto;display:block;width:0;height:0;min-width:100%;max-width:100%;min-height:100%;max-height:100%"
                                                                            class=" "
                                                                            src="https://statics.docmorris.de/static/produkte/FX5UP389/docmorris/ps90r/kytta-schmerzsalbe-150-g-10832865-2-1720620118721051.jpeg" /></noscript></span><span
                                                                    data-testid="skeleton"
                                                                    class="Skeleton_skeletonbox__Ae1Fg Skeleton_skeletonAnimation__mxWPc"
                                                                    style="width:86px;height:86px;position:absolute"></span>
                                                            </div>
                                                        </div>
                                                    </li>
                                                    <li class="thumb" aria-label="slide item 3" style="width:80px"
                                                        role="button" tabindex="0">
                                                        <div class="" data-testid="thumb-2">
                                                            <div
                                                                class="relative overflow-hidden ImageSource_image__mca28">
                                                                <span
                                                                    style="box-sizing:border-box;display:inline-block;overflow:hidden;width:initial;height:initial;background:none;opacity:1;border:0;margin:0;padding:0;position:relative;max-width:100%"><span
                                                                        style="box-sizing:border-box;display:block;width:initial;height:initial;background:none;opacity:1;border:0;margin:0;padding:0;max-width:100%"><img
                                                                            style="display:block;max-width:100%;width:initial;height:initial;background:none;opacity:1;border:0;margin:0;padding:0"
                                                                            alt="" aria-hidden="true"
                                                                            src="data:image/svg+xml,%3csvg%20xmlns=%27http://www.w3.org/2000/svg%27%20version=%271.1%27%20width=%2786%27%20height=%2786%27/%3e" /></span><img
                                                                        alt="Kytta Schmerzsalbe 150 g"
                                                                        title="Kytta Schmerzsalbe 150 g"
                                                                        aria-label="image"
                                                                        src="data:image/gif;base64,R0lGODlhAQABAIAAAAAAAP///yH5BAEAAAAALAAAAAABAAEAAAIBRAA7"
                                                                        decoding="async" data-nimg="intrinsic" class=" "
                                                                        style="position:absolute;top:0;left:0;bottom:0;right:0;box-sizing:border-box;padding:0;border:none;margin:auto;display:block;width:0;height:0;min-width:100%;max-width:100%;min-height:100%;max-height:100%" /><noscript><img
                                                                            alt="Kytta Schmerzsalbe 150 g"
                                                                            title="Kytta Schmerzsalbe 150 g"
                                                                            aria-label="image" loading="lazy"
                                                                            decoding="async" data-nimg="intrinsic"
                                                                            style="position:absolute;top:0;left:0;bottom:0;right:0;box-sizing:border-box;padding:0;border:none;margin:auto;display:block;width:0;height:0;min-width:100%;max-width:100%;min-height:100%;max-height:100%"
                                                                            class=" "
                                                                            src="https://statics.docmorris.de/static/produkte/FX5UP389/docmorris/ps90r/kytta-schmerzsalbe-150-g-10832865-3-1720620118989838.jpeg" /></noscript></span><span
                                                                    data-testid="skeleton"
                                                                    class="Skeleton_skeletonbox__Ae1Fg Skeleton_skeletonAnimation__mxWPc"
                                                                    style="width:86px;height:86px;position:absolute"></span>
                                                            </div>
                                                        </div>
                                                    </li>
                                                    <li class="thumb" aria-label="slide item 4" style="width:80px"
                                                        role="button" tabindex="0">
                                                        <div class="PackShotsSlider_showMoreImg__Om27s"
                                                            data-testid="thumb-3">
                                                            <div data-testid="show-img-left"
                                                                class="absolute left-[50%] top-[50%] z-10 translate-x-[-50%] translate-y-[-50%] text-2xl font-semibold text-white">
                                                                +<!-- -->4</div>
                                                            <div
                                                                class="relative overflow-hidden ImageSource_image__mca28">
                                                                <span
                                                                    style="box-sizing:border-box;display:inline-block;overflow:hidden;width:initial;height:initial;background:none;opacity:1;border:0;margin:0;padding:0;position:relative;max-width:100%"><span
                                                                        style="box-sizing:border-box;display:block;width:initial;height:initial;background:none;opacity:1;border:0;margin:0;padding:0;max-width:100%"><img
                                                                            style="display:block;max-width:100%;width:initial;height:initial;background:none;opacity:1;border:0;margin:0;padding:0"
                                                                            alt="" aria-hidden="true"
                                                                            src="data:image/svg+xml,%3csvg%20xmlns=%27http://www.w3.org/2000/svg%27%20version=%271.1%27%20width=%2786%27%20height=%2786%27/%3e" /></span><img
                                                                        alt="Kytta Schmerzsalbe 150 g"
                                                                        title="Kytta Schmerzsalbe 150 g"
                                                                        aria-label="image"
                                                                        src="data:image/gif;base64,R0lGODlhAQABAIAAAAAAAP///yH5BAEAAAAALAAAAAABAAEAAAIBRAA7"
                                                                        decoding="async" data-nimg="intrinsic" class=" "
                                                                        style="position:absolute;top:0;left:0;bottom:0;right:0;box-sizing:border-box;padding:0;border:none;margin:auto;display:block;width:0;height:0;min-width:100%;max-width:100%;min-height:100%;max-height:100%" /><noscript><img
                                                                            alt="Kytta Schmerzsalbe 150 g"
                                                                            title="Kytta Schmerzsalbe 150 g"
                                                                            aria-label="image" loading="lazy"
                                                                            decoding="async" data-nimg="intrinsic"
                                                                            style="position:absolute;top:0;left:0;bottom:0;right:0;box-sizing:border-box;padding:0;border:none;margin:auto;display:block;width:0;height:0;min-width:100%;max-width:100%;min-height:100%;max-height:100%"
                                                                            class=" "
                                                                            src="https://statics.docmorris.de/static/produkte/FX5UP389/docmorris/ps90r/kytta-schmerzsalbe-150-g-10832865-4-1720620119264784.jpeg" /></noscript></span><span
                                                                    data-testid="skeleton"
                                                                    class="Skeleton_skeletonbox__Ae1Fg Skeleton_skeletonAnimation__mxWPc"
                                                                    style="width:86px;height:86px;position:absolute"></span>
                                                            </div>
                                                        </div>
                                                    </li>
                                                </ul><button type="button"
                                                    class="control-arrow control-next control-disabled"
                                                    aria-label="next slide / item"></button>
                                            </div>
                                        </div>
                                    </div>
                                    <div class="absolute left-0 top-0 flex flex-col gap-3">
                                        <div
                                            class="bg-extra-light-lilac-purple leading-2xl text-grey-1 flex w-fit items-center gap-1 rounded px-2 py-1 text-xs font-semibold">
                                            <svg xmlns="http://www.w3.org/2000/svg" viewBox="0 0 16 16" fill="none"
                                                height="1.25rem" width="1.25rem" id="coin" aria-label="coin" role="img">
                                                <path fill="#129d66" fill-rule="evenodd"
                                                    d="M7.3 14a5.99 5.99 0 0 1-5.97-6c0-3.31 2.68-6 5.98-6h1.86a5.99 5.99 0 0 1 5.93 6c0 3.3-2.65 5.98-5.93 6h-.04z"
                                                    clip-rule="evenodd"></path>
                                                <circle cx="9.14" cy="7.87" r="5.17" fill="#fff"></circle>
                                                <path fill="#129d66"
                                                    d="m9.35 11.23.13-.05.04-.03a2.4 2.4 0 0 0 .14-.07l.04-.02a3.42 3.42 0 0 0 1.68-2.5 2.88 2.88 0 0 0-.27-1.64 2 2 0 0 0-.82-.85c-.2-.1-.41-.17-.63-.2-.41-.04-.82.07-1.12.4-.15.15-.25.34-.3.55v.07l-.01.02v.02l-.01.04V7.1c.02-.56.49-1 1.05-.98a1.02 1.02 0 0 1 .87 1.45v.02c-.2.56-.7 1.1-1.3 1.34a1.76 1.76 0 0 1-.79.1h-.08a1.84 1.84 0 0 1-.15-.02L7.78 9l-.12-.03h-.02A2.9 2.9 0 0 1 6.2 8l-.03-.03c0-.02-.02-.03-.03-.05L6.1 7.9l-.03-.04-.03-.05-.03-.04L6 7.72a2.7 2.7 0 0 1-.04-.07l-.01-.02-.02-.03a3.04 3.04 0 0 1-.06-.12l-.01-.02-.03-.07c.01 1.9 2.22 3.7 3.4 3.9l.11-.05z">
                                                </path>
                                                <path fill="#00d264"
                                                    d="M5.86 7.46v.02a4.49 4.49 0 0 0 .07.12l.01.03.01.02.05.07.02.04a2.67 2.67 0 0 0 .06.09l.03.04.03.04c0 .02.02.03.03.05L6.2 8c.36.45.89.81 1.44.97h.02l.12.03h.04a2.63 2.63 0 0 0 .23.04h.05a1.75 1.75 0 0 0 .75-.11c.6-.24 1.08-.78 1.28-1.34l.01-.02a1 1 0 0 1-1.8.09v-.02a1.03 1.03 0 0 1-.13-.5V6.94a2.3 2.3 0 0 1 .8-1.5l.22-.17a2.05 2.05 0 0 0-1.17-.36c-.32 0-.64.06-.93.2h-.01a1.2 1.2 0 0 0-.17.1l-.07.03a2.16 2.16 0 0 0-.81.97c-.04.09-.08.18-.1.27l-.01.01v.01l-.02.05v.02a2.68 2.68 0 0 0-.06.21v.02l-.01.06v.03c-.03.16-.04.32-.04.48v.02c0 .03.02.05.03.07">
                                                </path>
                                                <path fill="#00463d"
                                                    d="M10.4 4.9a2.05 2.05 0 0 0-1.38.54A2.48 2.48 0 0 0 8.3 6.5a2.14 2.14 0 0 0-.1.48v.16c0 .18.04.35.13.5v.02c.29.48.9.65 1.4.36s.64-.9.36-1.4a1 1 0 0 0-1.39-.36c-.3.18-.48.5-.5.84v-.02a.67.67 0 0 1 .01-.12V6.9l.01-.02v-.02l.01-.02v-.03c.05-.2.15-.4.3-.56.3-.32.71-.43 1.12-.39.22.03.43.1.63.2a2 2 0 0 1 .82.85c.25.5.33 1.08.27 1.63a3.3 3.3 0 0 1-1.68 2.51l-.04.02-.07.04-.07.04-.04.02-.13.05v.01l-.12.04h.07l.02-.01h.04l.01-.01h.02l.03-.01h.02l.03-.01h.01l.01-.01h.03l.02-.02h.03l.02-.01.02-.01h.02l.03-.02h.02l.02-.01.02-.01.03-.01.02-.01h.01l.02-.02h.03l.06-.04h.02l.06-.04H10l.01-.01h.01l.01-.01.01-.01h.02l.02-.02.12-.07.08-.04.04-.03h.02v-.01l.08-.06.03-.01.11-.08.06-.04.06-.04a4.33 4.33 0 0 0 .5-.42c.8-.76 1.46-1.77 1.46-2.81 0-1.36-.89-2.46-2.24-2.46z">
                                                </path>
                                            </svg><span>JETZT NEU! ··· Punkte sammeln</span>
                                        </div>
                                    </div>
                                    <div
                                        class="PackShotsSlider_similarToIllustration__V3_VX PackShotsSlider_similarToIllustrationWithOffSet__RytCI">
                                        <p>Abbildung ähnlich</p>
                                    </div>
                                </div>
                            </div>
                        </div>
                        <div class="flex flex-col gap-y-8 [grid-area:selectorCart]">
                            <div
                                class="grid grid-cols-[auto_1fr] [grid-template-areas:&#x27;saleCondition_saleCondition&#x27;_&#x27;packagingSize_packagingSize&#x27;_&#x27;price_price&#x27;_&#x27;number_cart&#x27;]
            sm:pt-6
            sm:[grid-template-areas:&#x27;price_price&#x27;_&#x27;saleCondition_saleCondition&#x27;_&#x27;number_packagingSize&#x27;_&#x27;cart_cart&#x27;]">
                                <div class="md:hidden">
                                    <div
                                        class="hidden fixed bottom-4 w-full pr-6 z-sticky [animation-fill-mode:forwards] !block animate-button_in">
                                        <div class="flex text-center w-full" data-testid="add-to-cart-cta"><button
                                                aria-disabled="false" type="button" data-testid="add_to_cart_button"
                                                class="font-semibold md:inline-flex flex items-center justify-center rounded-lg cursor-pointer px-4 min-w-[6.5rem] h-12 select-none disabled:opacity-40 disabled:cursor-default gap-2 border border-solid border-trust-green bg-trust-green text-white hover:[&amp;:not(:disabled)]:bg-balance-green hover:[&amp;:not(:disabled)]:border-balance-green hover:[&amp;:not(:disabled)]:text-white focus:[&amp;:not(:disabled)]:bg-balance-green focus:[&amp;:not(:disabled)]:border-denim-blue focus:[&amp;:not(:disabled)]:text-white w-full"
                                                aria-label="In den Warenkorb 18,99 €"><span class="">In den Warenkorb
                                                    18,99 €</span></button></div>
                                    </div>
                                </div>
                                <div class="mb-3 [grid-area:saleCondition] md:mb-4">
                                    <div class="sm:h-12 sm:min-h-[48px] md:h-14 md:min-h-[56px]"
                                        aria-label="saleConditionSelect">
                                        <style data-emotion="css 1ehju0g-container">
                                            .css-1ehju0g-container {
                                                position: relative;
                                                box-sizing: border-box;
                                                height: 100%;
                                                display: -webkit-box;
                                                display: -webkit-flex;
                                                display: -ms-flexbox;
                                                display: flex;
                                                -webkit-flex-direction: column;
                                                -ms-flex-direction: column;
                                                flex-direction: column;
                                            }
                                        </style>
                                        <div class=" css-1ehju0g-container">
                                            <style data-emotion="css 7pg0cj-a11yText">
                                                .css-7pg0cj-a11yText {
                                                    z-index: 9999;
                                                    border: 0;
                                                    clip: rect(1px, 1px, 1px, 1px);
                                                    height: 1px;
                                                    width: 1px;
                                                    position: absolute;
                                                    overflow: hidden;
                                                    padding: 0;
                                                    white-space: nowrap;
                                                }
                                            </style><span id="react-select-saleConditionSelect-live-region"
                                                class="css-7pg0cj-a11yText"></span><span aria-live="polite"
                                                aria-atomic="false" aria-relevant="additions text" role="log"
                                                class="css-7pg0cj-a11yText"></span>
                                            <style data-emotion="css 1f7z05i-control">
                                                .css-1f7z05i-control {
                                                    -webkit-align-items: center;
                                                    -webkit-box-align: center;
                                                    -ms-flex-align: center;
                                                    align-items: center;
                                                    cursor: pointer;
                                                    display: -webkit-box;
                                                    display: -webkit-flex;
                                                    display: -ms-flexbox;
                                                    display: flex;
                                                    -webkit-box-flex-wrap: wrap;
                                                    -webkit-flex-wrap: wrap;
                                                    -ms-flex-wrap: wrap;
                                                    flex-wrap: wrap;
                                                    -webkit-box-pack: justify;
                                                    -webkit-justify-content: space-between;
                                                    justify-content: space-between;
                                                    min-height: 38px;
                                                    outline: 0 !important;
                                                    position: relative;
                                                    -webkit-transition: all 100ms;
                                                    transition: all 100ms;
                                                    background-color: var(--white);
                                                    border-color: var(--grey-3);
                                                    border-radius: 0.5rem;
                                                    border-style: solid;
                                                    border-width: 1px;
                                                    box-shadow: none;
                                                    box-sizing: border-box;
                                                    -webkit-flex: 1;
                                                    -ms-flex: 1;
                                                    flex: 1;
                                                    height: 100%;
                                                    min-width: 78px;
                                                    font-family: Poppins;
                                                    font-size: 0.875rem;
                                                    line-height: 1.5rem;
                                                }

                                                .css-1f7z05i-control:hover {
                                                    border-color: var(--grey-2);
                                                }
                                            </style>
                                            <div class=" css-1f7z05i-control">
                                                <style data-emotion="css 1g5rk0c">
                                                    .css-1g5rk0c {
                                                        -webkit-align-items: center;
                                                        -webkit-box-align: center;
                                                        -ms-flex-align: center;
                                                        align-items: center;
                                                        display: grid;
                                                        -webkit-flex: 1;
                                                        -ms-flex: 1;
                                                        flex: 1;
                                                        -webkit-box-flex-wrap: wrap;
                                                        -webkit-flex-wrap: wrap;
                                                        -ms-flex-wrap: wrap;
                                                        flex-wrap: wrap;
                                                        -webkit-overflow-scrolling: touch;
                                                        position: relative;
                                                        overflow: hidden;
                                                        padding: 0;
                                                        box-sizing: border-box;
                                                        height: 100%;
                                                    }
                                                </style>
                                                <div class=" css-1g5rk0c">
                                                    <style data-emotion="css 79l8h7-singleValue">
                                                        .css-79l8h7-singleValue {
                                                            grid-area: 1/1/2/3;
                                                            max-width: 100%;
                                                            overflow: hidden;
                                                            text-overflow: ellipsis;
                                                            white-space: nowrap;
                                                            color: var(--grey-1);
                                                            margin-left: 0;
                                                            margin-right: 0;
                                                            box-sizing: border-box;
                                                        }
                                                    </style>
                                                    <div class=" css-79l8h7-singleValue">
                                                        <div class="px-4 sm:py-[6px] md:flex md:flex-col"
                                                            data-testid="react-select-single-value"><span
                                                                class="md:text-2xs md:leading-4xl md:text-grey-2 sm:after:content-[&#x27;:&#x27;]">Rezeptart</span><span
                                                                class="font-base font-semibold"> <span
                                                                    data-testid="react-select-option">Ohne
                                                                    Rezept</span></span></div>
                                                    </div>
                                                    <style data-emotion="css 1hac4vs-dummyInput">
                                                        .css-1hac4vs-dummyInput {
                                                            background: 0;
                                                            border: 0;
                                                            caret-color: transparent;
                                                            font-size: inherit;
                                                            grid-area: 1/1/2/3;
                                                            outline: 0;
                                                            padding: 0;
                                                            width: 1px;
                                                            color: transparent;
                                                            left: -100px;
                                                            opacity: 0;
                                                            position: relative;
                                                            -webkit-transform: scale(.01);
                                                            -moz-transform: scale(.01);
                                                            -ms-transform: scale(.01);
                                                            transform: scale(.01);
                                                        }
                                                    </style><input id="react-select-saleConditionSelect-input"
                                                        tabindex="0" inputMode="none" aria-autocomplete="list"
                                                        aria-expanded="false" aria-haspopup="true"
                                                        aria-label="Rezeptart" role="combobox" aria-activedescendant=""
                                                        aria-readonly="true" class="css-1hac4vs-dummyInput" value="" />
                                                </div>
                                                <style data-emotion="css 1wy0on6">
                                                    .css-1wy0on6 {
                                                        -webkit-align-items: center;
                                                        -webkit-box-align: center;
                                                        -ms-flex-align: center;
                                                        align-items: center;
                                                        -webkit-align-self: stretch;
                                                        -ms-flex-item-align: stretch;
                                                        align-self: stretch;
                                                        display: -webkit-box;
                                                        display: -webkit-flex;
                                                        display: -ms-flexbox;
                                                        display: flex;
                                                        -webkit-flex-shrink: 0;
                                                        -ms-flex-negative: 0;
                                                        flex-shrink: 0;
                                                        box-sizing: border-box;
                                                    }
                                                </style>
                                                <div class=" css-1wy0on6">
                                                    <style data-emotion="css 1dr2c5v-indicatorContainer">
                                                        .css-1dr2c5v-indicatorContainer {
                                                            display: -webkit-box;
                                                            display: -webkit-flex;
                                                            display: -ms-flexbox;
                                                            display: flex;
                                                            -webkit-transition: color 150ms;
                                                            transition: color 150ms;
                                                            color: var(--grey-1);
                                                            padding: 0;
                                                            box-sizing: border-box;
                                                            margin-right: 1rem;
                                                        }

                                                        .css-1dr2c5v-indicatorContainer:hover {
                                                            color: hsl(0, 0%, 60%);
                                                        }
                                                    </style>
                                                    <div class=" css-1dr2c5v-indicatorContainer" aria-hidden="true">
                                                        <div style="height:20px" data-testid="react-select-indicator">
                                                            <svg xmlns="http://www.w3.org/2000/svg" viewBox="0 0 24 24"
                                                                height="1.25rem" width="1.25rem" aria-hidden="true"
                                                                focusable="false" id="button-down"
                                                                aria-label="button-down" role="img">
                                                                <path fill="none" stroke="currentColor"
                                                                    stroke-linecap="round" stroke-linejoin="round"
                                                                    stroke-width="1.5" d="m21 7.5-9 9-9-9"></path>
                                                            </svg>
                                                        </div>
                                                    </div>
                                                </div>
                                            </div><input name="saleConditionSelect" type="hidden" value="OR" />
                                        </div>
                                    </div>
                                </div>
                                <div class="[grid-area:packagingSize] sm:mb-3">
                                    <div class="flex gap-[10px] md:hidden">
                                        <div class="flex-grow-[4]">
                                            <div class="sm:h-12 sm:min-h-[48px] md:h-14 md:min-h-[56px]"
                                                aria-label="packagingSizeSelect">
                                                <style data-emotion="css 1ehju0g-container">
                                                    .css-1ehju0g-container {
                                                        position: relative;
                                                        box-sizing: border-box;
                                                        height: 100%;
                                                        display: -webkit-box;
                                                        display: -webkit-flex;
                                                        display: -ms-flexbox;
                                                        display: flex;
                                                        -webkit-flex-direction: column;
                                                        -ms-flex-direction: column;
                                                        flex-direction: column;
                                                    }
                                                </style>
                                                <div class=" css-1ehju0g-container">
                                                    <style data-emotion="css 7pg0cj-a11yText">
                                                        .css-7pg0cj-a11yText {
                                                            z-index: 9999;
                                                            border: 0;
                                                            clip: rect(1px, 1px, 1px, 1px);
                                                            height: 1px;
                                                            width: 1px;
                                                            position: absolute;
                                                            overflow: hidden;
                                                            padding: 0;
                                                            white-space: nowrap;
                                                        }
                                                    </style><span id="react-select-packagingSizeSelect-live-region"
                                                        class="css-7pg0cj-a11yText"></span><span aria-live="polite"
                                                        aria-atomic="false" aria-relevant="additions text" role="log"
                                                        class="css-7pg0cj-a11yText"></span>
                                                    <style data-emotion="css 1f7z05i-control">
                                                        .css-1f7z05i-control {
                                                            -webkit-align-items: center;
                                                            -webkit-box-align: center;
                                                            -ms-flex-align: center;
                                                            align-items: center;
                                                            cursor: pointer;
                                                            display: -webkit-box;
                                                            display: -webkit-flex;
                                                            display: -ms-flexbox;
                                                            display: flex;
                                                            -webkit-box-flex-wrap: wrap;
                                                            -webkit-flex-wrap: wrap;
                                                            -ms-flex-wrap: wrap;
                                                            flex-wrap: wrap;
                                                            -webkit-box-pack: justify;
                                                            -webkit-justify-content: space-between;
                                                            justify-content: space-between;
                                                            min-height: 38px;
                                                            outline: 0 !important;
                                                            position: relative;
                                                            -webkit-transition: all 100ms;
                                                            transition: all 100ms;
                                                            background-color: var(--white);
                                                            border-color: var(--grey-3);
                                                            border-radius: 0.5rem;
                                                            border-style: solid;
                                                            border-width: 1px;
                                                            box-shadow: none;
                                                            box-sizing: border-box;
                                                            -webkit-flex: 1;
                                                            -ms-flex: 1;
                                                            flex: 1;
                                                            height: 100%;
                                                            min-width: 78px;
                                                            font-family: Poppins;
                                                            font-size: 0.875rem;
                                                            line-height: 1.5rem;
                                                        }

                                                        .css-1f7z05i-control:hover {
                                                            border-color: var(--grey-2);
                                                        }
                                                    </style>
                                                    <div class=" css-1f7z05i-control">
                                                        <style data-emotion="css 1g5rk0c">
                                                            .css-1g5rk0c {
                                                                -webkit-align-items: center;
                                                                -webkit-box-align: center;
                                                                -ms-flex-align: center;
                                                                align-items: center;
                                                                display: grid;
                                                                -webkit-flex: 1;
                                                                -ms-flex: 1;
                                                                flex: 1;
                                                                -webkit-box-flex-wrap: wrap;
                                                                -webkit-flex-wrap: wrap;
                                                                -ms-flex-wrap: wrap;
                                                                flex-wrap: wrap;
                                                                -webkit-overflow-scrolling: touch;
                                                                position: relative;
                                                                overflow: hidden;
                                                                padding: 0;
                                                                box-sizing: border-box;
                                                                height: 100%;
                                                            }
                                                        </style>
                                                        <div class=" css-1g5rk0c">
                                                            <style data-emotion="css 79l8h7-singleValue">
                                                                .css-79l8h7-singleValue {
                                                                    grid-area: 1/1/2/3;
                                                                    max-width: 100%;
                                                                    overflow: hidden;
                                                                    text-overflow: ellipsis;
                                                                    white-space: nowrap;
                                                                    color: var(--grey-1);
                                                                    margin-left: 0;
                                                                    margin-right: 0;
                                                                    box-sizing: border-box;
                                                                }
                                                            </style>
                                                            <div class=" css-79l8h7-singleValue">
                                                                <div class="px-4 sm:py-[6px] md:flex md:flex-col"
                                                                    data-testid="react-select-single-value"><span
                                                                        class="md:text-2xs md:leading-4xl md:text-grey-2 sm:after:content-[&#x27;:&#x27;]">Größe</span><span
                                                                        class="font-base font-semibold"> <span
                                                                            data-testid="react-select-option">150
                                                                            g</span></span></div>
                                                            </div>
                                                            <style data-emotion="css 1hac4vs-dummyInput">
                                                                .css-1hac4vs-dummyInput {
                                                                    background: 0;
                                                                    border: 0;
                                                                    caret-color: transparent;
                                                                    font-size: inherit;
                                                                    grid-area: 1/1/2/3;
                                                                    outline: 0;
                                                                    padding: 0;
                                                                    width: 1px;
                                                                    color: transparent;
                                                                    left: -100px;
                                                                    opacity: 0;
                                                                    position: relative;
                                                                    -webkit-transform: scale(.01);
                                                                    -moz-transform: scale(.01);
                                                                    -ms-transform: scale(.01);
                                                                    transform: scale(.01);
                                                                }
                                                            </style><input id="react-select-packagingSizeSelect-input"
                                                                tabindex="0" inputMode="none" aria-autocomplete="list"
                                                                aria-expanded="false" aria-haspopup="true"
                                                                aria-label="Packungsgröße" role="combobox"
                                                                aria-activedescendant="" aria-readonly="true"
                                                                class="css-1hac4vs-dummyInput" value="" />
                                                        </div>
                                                        <style data-emotion="css 1wy0on6">
                                                            .css-1wy0on6 {
                                                                -webkit-align-items: center;
                                                                -webkit-box-align: center;
                                                                -ms-flex-align: center;
                                                                align-items: center;
                                                                -webkit-align-self: stretch;
                                                                -ms-flex-item-align: stretch;
                                                                align-self: stretch;
                                                                display: -webkit-box;
                                                                display: -webkit-flex;
                                                                display: -ms-flexbox;
                                                                display: flex;
                                                                -webkit-flex-shrink: 0;
                                                                -ms-flex-negative: 0;
                                                                flex-shrink: 0;
                                                                box-sizing: border-box;
                                                            }
                                                        </style>
                                                        <div class=" css-1wy0on6">
                                                            <style data-emotion="css 1dr2c5v-indicatorContainer">
                                                                .css-1dr2c5v-indicatorContainer {
                                                                    display: -webkit-box;
                                                                    display: -webkit-flex;
                                                                    display: -ms-flexbox;
                                                                    display: flex;
                                                                    -webkit-transition: color 150ms;
                                                                    transition: color 150ms;
                                                                    color: var(--grey-1);
                                                                    padding: 0;
                                                                    box-sizing: border-box;
                                                                    margin-right: 1rem;
                                                                }

                                                                .css-1dr2c5v-indicatorContainer:hover {
                                                                    color: hsl(0, 0%, 60%);
                                                                }
                                                            </style>
                                                            <div class=" css-1dr2c5v-indicatorContainer"
                                                                aria-hidden="true">
                                                                <div style="height:20px"
                                                                    data-testid="react-select-indicator"><svg
                                                                        xmlns="http://www.w3.org/2000/svg"
                                                                        viewBox="0 0 24 24" height="1.25rem"
                                                                        width="1.25rem" aria-hidden="true"
                                                                        focusable="false" id="button-down"
                                                                        aria-label="button-down" role="img">
                                                                        <path fill="none" stroke="currentColor"
                                                                            stroke-linecap="round"
                                                                            stroke-linejoin="round" stroke-width="1.5"
                                                                            d="m21 7.5-9 9-9-9"></path>
                                                                    </svg></div>
                                                            </div>
                                                        </div>
                                                    </div><input name="packagingSizeSelect" type="hidden"
                                                        value="10832865" />
                                                </div>
                                            </div>
                                        </div>
                                    </div>
                                    <div class="sm:hidden md:block">
                                        <div data-testid="pkg-size-selector" role="radiogroup"
                                            aria-label="Packungsgröße"
                                            class="packaging-size-selector_packagingSizeSelectorOptions___1hpm"><label
                                                for="08019654" class="packaging-size-selector_row__1RT_c"
                                                aria-checked="false">
                                                <div class="packaging-size-selector_radioColumn__KDj1i"><input
                                                        aria-label="2 St" name="packagingSize" id="08019654"
                                                        type="radio" class="radio-button_inputRadio__cadW8"
                                                        value="08019654" /></div>
                                                <div class="packaging-size-selector_packagingSizeColumn__qESZh"><span>2
                                                        St</span></div>
                                                <div data-testid="base-price-column"
                                                    class="packaging-size-selector_basePriceColumn__VS9bx packaging-size-selector_basePriceColumnCheapest__yVrX0 ">
                                                    <span data-testid="savings_tip">Spartipp</span><span
                                                        data-testid="base-price">17,10 €/St</span>
                                                </div>
                                                <div class="packaging-size-selector_savingsColumn__JZT02"><span
                                                        data-testid="savings_percentage">-38%</span></div>
                                                <div
                                                    class="packaging-size-selector_recommendedRetailPriceColumn__VWgcu">
                                                    <div><span
                                                            class="packaging-size-selector_recommendedRetailPrice__oko2e">
                                                            <div class="whitespace-nowrap text-grey-2 text-xs leading-base"
                                                                data-testid="recommended-retail-price"><span
                                                                    aria-hidden="true">UVP/AVP<!-- -->
                                                                </span><span><span class="sr-only">Ehemaliger Preis (U V
                                                                        P)<!-- -->:</span><span><s>55,98 €</s><span>*</span></span></span>
                                                            </div>
                                                        </span></div>
                                                    <div data-testid="sales-price">34,19 €</div>
                                                </div>
                                            </label><label for="10832842" class="packaging-size-selector_row__1RT_c"
                                                aria-checked="false">
                                                <div class="packaging-size-selector_radioColumn__KDj1i"><input
                                                        aria-label="50 g" name="packagingSize" id="10832842"
                                                        type="radio" class="radio-button_inputRadio__cadW8"
                                                        value="10832842" /></div>
                                                <div class="packaging-size-selector_packagingSizeColumn__qESZh"><span>50
                                                        g</span></div>
                                                <div data-testid="base-price-column"
                                                    class="packaging-size-selector_basePriceColumn__VS9bx "><span
                                                        data-testid="base-price">175,80 €/kg</span></div>
                                                <div class="packaging-size-selector_savingsColumn__JZT02"><span
                                                        data-testid="savings_percentage">-22%</span></div>
                                                <div
                                                    class="packaging-size-selector_recommendedRetailPriceColumn__VWgcu">
                                                    <div><span
                                                            class="packaging-size-selector_recommendedRetailPrice__oko2e">
                                                            <div class="whitespace-nowrap text-grey-2 text-xs leading-base"
                                                                data-testid="recommended-retail-price"><span
                                                                    aria-hidden="true">UVP/AVP<!-- -->
                                                                </span><span><span class="sr-only">Ehemaliger Preis (U V
                                                                        P)<!-- -->:</span><span><s>11,28 €</s><span>*</span></span></span>
                                                            </div>
                                                        </span></div>
                                                    <div data-testid="sales-price">8,79 €</div>
                                                </div>
                                            </label><label for="10832859" class="packaging-size-selector_row__1RT_c"
                                                aria-checked="false">
                                                <div class="packaging-size-selector_radioColumn__KDj1i"><input
                                                        aria-label="100 g" name="packagingSize" id="10832859"
                                                        type="radio" class="radio-button_inputRadio__cadW8"
                                                        value="10832859" /></div>
                                                <div class="packaging-size-selector_packagingSizeColumn__qESZh">
                                                    <span>100 g</span>
                                                </div>
                                                <div data-testid="base-price-column"
                                                    class="packaging-size-selector_basePriceColumn__VS9bx "><span
                                                        data-testid="base-price">169,90 €/kg</span></div>
                                                <div class="packaging-size-selector_savingsColumn__JZT02"><span
                                                        data-testid="savings_percentage">-18%</span></div>
                                                <div
                                                    class="packaging-size-selector_recommendedRetailPriceColumn__VWgcu">
                                                    <div><span
                                                            class="packaging-size-selector_recommendedRetailPrice__oko2e">
                                                            <div class="whitespace-nowrap text-grey-2 text-xs leading-base"
                                                                data-testid="recommended-retail-price"><span
                                                                    aria-hidden="true">UVP/AVP<!-- -->
                                                                </span><span><span class="sr-only">Ehemaliger Preis (U V
                                                                        P)<!-- -->:</span><span><s>20,88 €</s><span>*</span></span></span>
                                                            </div>
                                                        </span></div>
                                                    <div data-testid="sales-price">16,99 €</div>
                                                </div>
                                            </label><label for="10832865"
                                                class="packaging-size-selector_row__1RT_c packaging-size-selector_rowSelected___EeCT"
                                                aria-checked="true">
                                                <div class="packaging-size-selector_radioColumn__KDj1i"><input
                                                        aria-label="150 g" name="packagingSize" id="10832865"
                                                        type="radio" class="radio-button_inputRadio__cadW8" checked=""
                                                        value="10832865" /></div>
                                                <div class="packaging-size-selector_packagingSizeColumn__qESZh">
                                                    <span>150 g</span>
                                                </div>
                                                <div data-testid="base-price-column"
                                                    class="packaging-size-selector_basePriceColumn__VS9bx "><span
                                                        data-testid="base-price">126,60 €/kg</span></div>
                                                <div class="packaging-size-selector_savingsColumn__JZT02"><span
                                                        data-testid="savings_percentage">-32%</span></div>
                                                <div
                                                    class="packaging-size-selector_recommendedRetailPriceColumn__VWgcu">
                                                    <div><span
                                                            class="packaging-size-selector_recommendedRetailPrice__oko2e">
                                                            <div class="whitespace-nowrap text-grey-2 text-xs leading-base"
                                                                data-testid="recommended-retail-price"><span
                                                                    aria-hidden="true">UVP/AVP<!-- -->
                                                                </span><span><span class="sr-only">Ehemaliger Preis (U V
                                                                        P)<!-- -->:</span><span><s>27,99 €</s><span>*</span></span></span>
                                                            </div>
                                                        </span></div>
                                                    <div data-testid="sales-price">18,99 €</div>
                                                </div>
                                            </label><label for="80024983" class="packaging-size-selector_row__1RT_c"
                                                aria-checked="false">
                                                <div class="packaging-size-selector_radioColumn__KDj1i"><input
                                                        aria-label="2X100 g" name="packagingSize" id="80024983"
                                                        type="radio" class="radio-button_inputRadio__cadW8"
                                                        value="80024983" /></div>
                                                <div class="packaging-size-selector_packagingSizeColumn__qESZh">
                                                    <span>2X100 g</span>
                                                </div>
                                                <div data-testid="base-price-column"
                                                    class="packaging-size-selector_basePriceColumn__VS9bx "><span
                                                        data-testid="base-price">152,95 €/kg</span></div>
                                                <div class="packaging-size-selector_savingsColumn__JZT02"><span
                                                        data-testid="savings_percentage">-26%</span></div>
                                                <div
                                                    class="packaging-size-selector_recommendedRetailPriceColumn__VWgcu">
                                                    <div><span
                                                            class="packaging-size-selector_recommendedRetailPrice__oko2e">
                                                            <div class="whitespace-nowrap text-grey-2 text-xs leading-base"
                                                                data-testid="recommended-retail-price"><span
                                                                    aria-hidden="true">UVP/AVP<!-- -->
                                                                </span><span><span class="sr-only">Ehemaliger Preis (U V
                                                                        P)<!-- -->:</span><span><s>41,76 €</s><span>*</span></span></span>
                                                            </div>
                                                        </span></div>
                                                    <div data-testid="sales-price">30,59 €</div>
                                                </div>
                                            </label><label for="80025008" class="packaging-size-selector_row__1RT_c"
                                                aria-checked="false">
                                                <div class="packaging-size-selector_radioColumn__KDj1i"><input
                                                        aria-label="3X100 g" name="packagingSize" id="80025008"
                                                        type="radio" class="radio-button_inputRadio__cadW8"
                                                        value="80025008" /></div>
                                                <div class="packaging-size-selector_packagingSizeColumn__qESZh">
                                                    <span>3X100 g</span>
                                                </div>
                                                <div data-testid="base-price-column"
                                                    class="packaging-size-selector_basePriceColumn__VS9bx "><span
                                                        data-testid="base-price">152,97 €/kg</span></div>
                                                <div class="packaging-size-selector_savingsColumn__JZT02"><span
                                                        data-testid="savings_percentage">-26%</span></div>
                                                <div
                                                    class="packaging-size-selector_recommendedRetailPriceColumn__VWgcu">
                                                    <div><span
                                                            class="packaging-size-selector_recommendedRetailPrice__oko2e">
                                                            <div class="whitespace-nowrap text-grey-2 text-xs leading-base"
                                                                data-testid="recommended-retail-price"><span
                                                                    aria-hidden="true">UVP/AVP<!-- -->
                                                                </span><span><span class="sr-only">Ehemaliger Preis (U V
                                                                        P)<!-- -->:</span><span><s>62,64 €</s><span>*</span></span></span>
                                                            </div>
                                                        </span></div>
                                                    <div data-testid="sales-price">45,89 €</div>
                                                </div>
                                            </label></div>
                                    </div>
                                </div>
                                <div class="[grid-area:price] md:pt-6">
                                    <div data-testid="add-to-cart-price-container" class="flex flex-col">
                                        <div class="flex items-center justify-between pb-12 leading-none sm:py-4">
                                            <div class="">
                                                <div class="flex items-center gap-x-1 pb-1">
                                                    <div><span class="sr-only">Rabattstempel</span>
                                                        <div
                                                            class="flex items-center justify-center text-right whitespace-nowrap select-none rounded leading-2xl min-w-[2.5rem] max-w-[17.5rem] bg-magenta text-white">
                                                            <div role="status"
                                                                class="inline-flex items-center text-xs px-2 py-1 font-semibold">
                                                                <span>-32%</span>
                                                            </div>
                                                        </div>
                                                    </div>
                                                    <div class="text-2xs leading-[0.9] md:text-sm md:leading-xl whitespace-nowrap text-grey-2"
                                                        data-testid="recommended-retail-price">
                                                        <span><span><s>27,99 €</s><span>*</span></span></span>
                                                    </div>
                                                </div>
                                                <div class="flex items-center">
                                                    <div class="flex text-grey-1 whitespace-nowrap leading-price text-4xl md:text-6xl"
                                                        data-testid="sales-price"><span
                                                            class="sr-only">Verkaufspreis<!-- -->:<span>18,99 €</span></span><span
                                                            aria-hidden="true" class="font-bold">18<!-- -->,</span>
                                                        <div class="flex flex-col justify-between"><sup
                                                                aria-hidden="true"
                                                                class="top-0 -translate-x-[0.5em] text-[45%] font-bold leading-none">99 €</sup>
                                                            <div class="translate-y-[10%] pl-1">
                                                                <div class="text-2xs leading-[0.9] md:text-sm md:leading-xl whitespace-nowrap text-grey-2 tracking-[0.14px]"
                                                                    data-testid="base-price"><span
                                                                        class="sr-only">Grundpreis<!-- -->:</span><span>126,60
                                                                        €/kg</span></div>
                                                            </div>
                                                        </div>
                                                    </div>
                                                </div>
                                            </div>
                                            <div class="text-right">
                                                <p class="leading-2xl mb-0 text-xs"><b class="text-balance-green">Sofort
                                                        verfügbar</b></p><span
                                                    class="leading-2xl text-grey-2 text-xs">Versandkostenfrei ab 19
                                                    €</span>
                                                <div class="leading-2xl text-grey-2 mb-0 text-xs">Verkauf
                                                    durch<!-- --> <button aria-disabled="false" type="button"
                                                        class="font-semibold md:inline-flex flex items-center justify-center rounded-lg cursor-pointer select-none border-transparent disabled:opacity-40 disabled:cursor-default gap-2 bg-transparent text-trust-green underline underline-offset-[0.4em] hover:[&amp;:not(:disabled)]:bg-transparent hover:[&amp;:not(:disabled)]:border-balance-green hover:[&amp;:not(:disabled)]:text-balance-green focus:[&amp;:not(:disabled)]:bg-transparent focus:[&amp;:not(:disabled)]:border-balance-green focus:[&amp;:not(:disabled)]:text-trust-green p-0 h-auto min-w-0"
                                                        aria-label="DocMorris Apotheke"><span class="">DocMorris
                                                            Apotheke</span></button></div>
                                            </div>
                                        </div>
                                    </div>
                                </div>
                                <div class="pr-4 [grid-area:number]">
                                    <div data-testid="number-chooser"
                                        class="border-grey-3 flex h-12 w-[106px] items-center rounded-lg border ">
                                        <button class="flex items-center justify-center ml-2 h-6 w-6"
                                            aria-label="Anzahl verringern"><svg xmlns="http://www.w3.org/2000/svg"
                                                viewBox="0 0 24 24" height="1.5rem" width="1.5rem" aria-hidden="true"
                                                focusable="false" id="subtract" aria-label="subtract" role="img">
                                                <path d="M6 11.25h12v1.5H6v-1.5Z" style="fill:currentColor"></path>
                                            </svg></button><input
                                            class="border-y-grey-3 h-12 w-[42px] border-y-[1px] py-3 text-center text-sm outline-none [-moz-appearance:textfield] "
                                            type="number" aria-label="Anzahl an Produkten zum Warenkorb hinzufügen"
                                            value="1" /><button class="flex items-center justify-center mr-2 h-6 w-6"
                                            aria-label="Anzahl erhöhen"><svg xmlns="http://www.w3.org/2000/svg"
                                                viewBox="0 0 24 24" height="1.5rem" width="1.5rem" aria-hidden="true"
                                                focusable="false" id="add" aria-label="add" role="img">
                                                <path fill="currentColor"
                                                    d="M12.75 11.25V6h-1.5v5.25H6v1.5h5.25V18h1.5v-5.25H18v-1.5h-5.25Z">
                                                </path>
                                            </svg></button>
                                    </div>
                                </div>
                                <div class="w-full [grid-area:cart] ">
                                    <div class="flex gap-x-[min(16px,2%)]">
                                        <div class="w-full">
                                            <div class="flex items-center gap-x-[min(16px,2%)] leading-[1]">
                                                <div class="flex text-center w-full" data-testid="add-to-cart-cta">
                                                    <button aria-disabled="false" type="button"
                                                        data-testid="add_to_cart_button"
                                                        class="font-semibold md:inline-flex flex items-center justify-center rounded-lg cursor-pointer px-4 min-w-[6.5rem] h-12 select-none disabled:opacity-40 disabled:cursor-default gap-2 border border-solid border-trust-green bg-trust-green text-white hover:[&amp;:not(:disabled)]:bg-balance-green hover:[&amp;:not(:disabled)]:border-balance-green hover:[&amp;:not(:disabled)]:text-white focus:[&amp;:not(:disabled)]:bg-balance-green focus:[&amp;:not(:disabled)]:border-denim-blue focus:[&amp;:not(:disabled)]:text-white w-full"
                                                        aria-label="In den Warenkorb"><span class="">In den
                                                            Warenkorb</span></button>
                                                </div><button type="button"
                                                    aria-label="Diesen Artikel der Merkliste hinzufügen"><svg
                                                        viewBox="0 0 24 24" fill="none"
                                                        xmlns="http://www.w3.org/2000/svg" stroke="currentColor"
                                                        stroke-width="1.5" stroke-linecap="round"
                                                        stroke-linejoin="round"
                                                        class="hover:text-strong-red focus:text-strong-red h-7 w-7 fill-none md:h-8 md:w-8"
                                                        id="heart" aria-label="heart" role="img">
                                                        <path fill-rule="evenodd" clip-rule="evenodd"
                                                            d="M15.7 4C18.87 4 21 6.98 21 9.76C21 15.39 12.16 20 12 20C11.84 20 3 15.39 3 9.76C3 6.98 5.13 4 8.3 4C10.12 4 11.31 4.91 12 5.71C12.69 4.91 13.88 4 15.7 4Z">
                                                        </path>
                                                    </svg></button>
                                            </div>
                                        </div>
                                    </div>
                                </div>
                            </div>
                            <div class="bg-extra-light-lilac-purple flex w-full items-center gap-x-4 rounded-lg p-[min(16px,5%)]"
                                data-testid="loyalty-info-box"><svg xmlns="http://www.w3.org/2000/svg"
                                    viewBox="0 0 16 16" fill="none" height="2.5rem" width="2.5rem" class="shrink-0"
                                    id="coin" aria-label="coin" role="img">
                                    <path fill="#129d66" fill-rule="evenodd"
                                        d="M7.3 14a5.99 5.99 0 0 1-5.97-6c0-3.31 2.68-6 5.98-6h1.86a5.99 5.99 0 0 1 5.93 6c0 3.3-2.65 5.98-5.93 6h-.04z"
                                        clip-rule="evenodd"></path>
                                    <circle cx="9.14" cy="7.87" r="5.17" fill="#fff"></circle>
                                    <path fill="#129d66"
                                        d="m9.35 11.23.13-.05.04-.03a2.4 2.4 0 0 0 .14-.07l.04-.02a3.42 3.42 0 0 0 1.68-2.5 2.88 2.88 0 0 0-.27-1.64 2 2 0 0 0-.82-.85c-.2-.1-.41-.17-.63-.2-.41-.04-.82.07-1.12.4-.15.15-.25.34-.3.55v.07l-.01.02v.02l-.01.04V7.1c.02-.56.49-1 1.05-.98a1.02 1.02 0 0 1 .87 1.45v.02c-.2.56-.7 1.1-1.3 1.34a1.76 1.76 0 0 1-.79.1h-.08a1.84 1.84 0 0 1-.15-.02L7.78 9l-.12-.03h-.02A2.9 2.9 0 0 1 6.2 8l-.03-.03c0-.02-.02-.03-.03-.05L6.1 7.9l-.03-.04-.03-.05-.03-.04L6 7.72a2.7 2.7 0 0 1-.04-.07l-.01-.02-.02-.03a3.04 3.04 0 0 1-.06-.12l-.01-.02-.03-.07c.01 1.9 2.22 3.7 3.4 3.9l.11-.05z">
                                    </path>
                                    <path fill="#00d264"
                                        d="M5.86 7.46v.02a4.49 4.49 0 0 0 .07.12l.01.03.01.02.05.07.02.04a2.67 2.67 0 0 0 .06.09l.03.04.03.04c0 .02.02.03.03.05L6.2 8c.36.45.89.81 1.44.97h.02l.12.03h.04a2.63 2.63 0 0 0 .23.04h.05a1.75 1.75 0 0 0 .75-.11c.6-.24 1.08-.78 1.28-1.34l.01-.02a1 1 0 0 1-1.8.09v-.02a1.03 1.03 0 0 1-.13-.5V6.94a2.3 2.3 0 0 1 .8-1.5l.22-.17a2.05 2.05 0 0 0-1.17-.36c-.32 0-.64.06-.93.2h-.01a1.2 1.2 0 0 0-.17.1l-.07.03a2.16 2.16 0 0 0-.81.97c-.04.09-.08.18-.1.27l-.01.01v.01l-.02.05v.02a2.68 2.68 0 0 0-.06.21v.02l-.01.06v.03c-.03.16-.04.32-.04.48v.02c0 .03.02.05.03.07">
                                    </path>
                                    <path fill="#00463d"
                                        d="M10.4 4.9a2.05 2.05 0 0 0-1.38.54A2.48 2.48 0 0 0 8.3 6.5a2.14 2.14 0 0 0-.1.48v.16c0 .18.04.35.13.5v.02c.29.48.9.65 1.4.36s.64-.9.36-1.4a1 1 0 0 0-1.39-.36c-.3.18-.48.5-.5.84v-.02a.67.67 0 0 1 .01-.12V6.9l.01-.02v-.02l.01-.02v-.03c.05-.2.15-.4.3-.56.3-.32.71-.43 1.12-.39.22.03.43.1.63.2a2 2 0 0 1 .82.85c.25.5.33 1.08.27 1.63a3.3 3.3 0 0 1-1.68 2.51l-.04.02-.07.04-.07.04-.04.02-.13.05v.01l-.12.04h.07l.02-.01h.04l.01-.01h.02l.03-.01h.02l.03-.01h.01l.01-.01h.03l.02-.02h.03l.02-.01.02-.01h.02l.03-.02h.02l.02-.01.02-.01.03-.01.02-.01h.01l.02-.02h.03l.06-.04h.02l.06-.04H10l.01-.01h.01l.01-.01.01-.01h.02l.02-.02.12-.07.08-.04.04-.03h.02v-.01l.08-.06.03-.01.11-.08.06-.04.06-.04a4.33 4.33 0 0 0 .5-.42c.8-.76 1.46-1.77 1.46-2.81 0-1.36-.89-2.46-2.24-2.46z">
                                    </path>
                                </svg>
                                <div><span class="font-semibold">JETZT NEU!<!-- --> </span>Mit dem Kauf dieses Produkts
                                    sammeln Sie <b>··· DocMorris Punkte</b>. <a class="underline" target="_blank"
                                        href="/punkte">Jetzt mehr erfahren</a></div>
                            </div>
                            <div class="sm:hidden"><!--$-->
                                <div class="TeleclinicSpecific_special__8elJ2">
                                    <div class="TeleclinicSpecific_iconWrapper__2i7_4"><svg viewBox="0 0 24 24"
                                            fill="none" xmlns="http://www.w3.org/2000/svg" stroke="currentColor"
                                            stroke-width="1.5" stroke-linecap="round" stroke-linejoin="round"
                                            height="3rem" width="3rem"
                                            class="m-[22px] max-h-12 max-w-12 stroke-1 sm:hidden"
                                            data-testid="teleclinic-specific-icon" id="online-consultation"
                                            aria-label="online-consultation" role="img">
                                            <path
                                                d="M6 3H4C2.895 3 2 3.895 2 5V9C2 12.314 4.686 15 8 15M8 15C11.314 15 14 12.314 14 9V5C14 3.895 13.105 3 12 3H10M8 15V16.25C8 19.426 10.574 22 13.75 22C16.926 22 19.5 19.426 19.5 16.25V16M6 2V4M10 2V4M21.2678 11.7322C22.2441 12.7085 22.2441 14.2914 21.2678 15.2677C20.2915 16.244 18.7086 16.244 17.7323 15.2677C16.756 14.2914 16.756 12.7085 17.7323 11.7322C18.7086 10.7559 20.2915 10.7559 21.2678 11.7322Z">
                                            </path>
                                        </svg></div>
                                    <div>
                                        <p class="TeleclinicSpecific_headline__gKSgx">Beratung, Rezept &amp;
                                            Krankschreibung direkt online</p>
                                        <p class="TeleclinicSpecific_copy__GJFfS">Erledigen Sie den Arztbesuch in
                                            wenigen Klicks von Zuhause per Videosprechstunde. Ganz ohne Wartezimmer und
                                            Terminprobleme. Inklusive Kostenübernahme durch alle Krankenkassen.</p><a
                                            class="text-trust-green text-sm font-semibold underline underline-offset-[0.4em] TeleclinicSpecific_ctaLabel__yYfPx sm:hidden"
                                            href="/kytta-schmerzsalbe/10832865#">Zum Online-Arzt</a><button
                                            aria-disabled="false" type="button"
                                            class="font-semibold flex items-center justify-center rounded-lg cursor-pointer px-4 min-w-[6.5rem] h-12 select-none disabled:opacity-40 disabled:cursor-default gap-2 border border-solid border-trust-green bg-transparent text-trust-green hover:[&amp;:not(:disabled)]:bg-transparent hover:[&amp;:not(:disabled)]:border-balance-green hover:[&amp;:not(:disabled)]:text-balance-green focus:[&amp;:not(:disabled)]:bg-transparent focus:[&amp;:not(:disabled)]:border-balance-green focus:[&amp;:not(:disabled)]:text-trust-green w-full md:hidden"
                                            aria-label="Zum Online-Arzt"><svg viewBox="0 0 24 24" fill="none"
                                                xmlns="http://www.w3.org/2000/svg" stroke="currentColor"
                                                stroke-width="1.5" stroke-linecap="round" stroke-linejoin="round"
                                                height="1.5rem" width="1.5rem" class="shrink-0 stroke-2"
                                                focusable="false" id="online-consultation"
                                                aria-label="online-consultation" role="img">
                                                <path
                                                    d="M6 3H4C2.895 3 2 3.895 2 5V9C2 12.314 4.686 15 8 15M8 15C11.314 15 14 12.314 14 9V5C14 3.895 13.105 3 12 3H10M8 15V16.25C8 19.426 10.574 22 13.75 22C16.926 22 19.5 19.426 19.5 16.25V16M6 2V4M10 2V4M21.2678 11.7322C22.2441 12.7085 22.2441 14.2914 21.2678 15.2677C20.2915 16.244 18.7086 16.244 17.7323 15.2677C16.756 14.2914 16.756 12.7085 17.7323 11.7322C18.7086 10.7559 20.2915 10.7559 21.2678 11.7322Z">
                                                </path>
                                            </svg><span class="">Zum Online-Arzt</span></button>
                                    </div>
                                </div><!--/$-->
                            </div>
                        </div>
                        <div class="[grid-area:valueprop]">
                            <div class="md:hidden">
                                <div class="border-b-grey-5 w-full border-b" style="height:32px"></div>
                                <div style="height:32px"></div>
                            </div>
                            <div class="">
                                <ul>
                                    <li class="leading-2xl relative mb-2 flex items-center text-sm lg:text-base">
                                        <div class="px-[1.125rem]"><svg viewBox="0 0 24 24" fill="none"
                                                xmlns="http://www.w3.org/2000/svg" stroke="currentColor"
                                                stroke-width="1.5" stroke-linecap="round" stroke-linejoin="round"
                                                height="1rem" width="1rem" id="check" aria-label="check" role="img">
                                                <path d="M20 6.5L9 17.5L4 12.5"></path>
                                            </svg></div>Akute Muskelschmerzen im Bereich des Rückens
                                    </li>
                                    <li class="leading-2xl relative mb-2 flex items-center text-sm lg:text-base">
                                        <div class="px-[1.125rem]"><svg viewBox="0 0 24 24" fill="none"
                                                xmlns="http://www.w3.org/2000/svg" stroke="currentColor"
                                                stroke-width="1.5" stroke-linecap="round" stroke-linejoin="round"
                                                height="1rem" width="1rem" id="check" aria-label="check" role="img">
                                                <path d="M20 6.5L9 17.5L4 12.5"></path>
                                            </svg></div>Schmerzen und Schwellungen bei Kniegelenksarthrose
                                    </li>
                                    <li class="leading-2xl relative mb-2 flex items-center text-sm lg:text-base">
                                        <div class="px-[1.125rem]"><svg viewBox="0 0 24 24" fill="none"
                                                xmlns="http://www.w3.org/2000/svg" stroke="currentColor"
                                                stroke-width="1.5" stroke-linecap="round" stroke-linejoin="round"
                                                height="1rem" width="1rem" id="check" aria-label="check" role="img">
                                                <path d="M20 6.5L9 17.5L4 12.5"></path>
                                            </svg></div>Zerrungen, Verstauchungen, Prellungen nach Sport und
                                        Unfallverletzungen
                                    </li>
                                </ul>
                            </div>
                            <div class="md:hidden">
                                <div class="border-b-grey-5 w-full border-b" style="height:32px"></div>
                                <div style="height:32px"></div>
                            </div>
                        </div>
                    </div>
                    <section class="mb-8 md:hidden"><!--$-->
                        <div class="TeleclinicSpecific_special__8elJ2">
                            <div class="TeleclinicSpecific_iconWrapper__2i7_4"><svg viewBox="0 0 24 24" fill="none"
                                    xmlns="http://www.w3.org/2000/svg" stroke="currentColor" stroke-width="1.5"
                                    stroke-linecap="round" stroke-linejoin="round" height="3rem" width="3rem"
                                    class="m-[22px] max-h-12 max-w-12 stroke-1 sm:hidden"
                                    data-testid="teleclinic-specific-icon" id="online-consultation"
                                    aria-label="online-consultation" role="img">
                                    <path
                                        d="M6 3H4C2.895 3 2 3.895 2 5V9C2 12.314 4.686 15 8 15M8 15C11.314 15 14 12.314 14 9V5C14 3.895 13.105 3 12 3H10M8 15V16.25C8 19.426 10.574 22 13.75 22C16.926 22 19.5 19.426 19.5 16.25V16M6 2V4M10 2V4M21.2678 11.7322C22.2441 12.7085 22.2441 14.2914 21.2678 15.2677C20.2915 16.244 18.7086 16.244 17.7323 15.2677C16.756 14.2914 16.756 12.7085 17.7323 11.7322C18.7086 10.7559 20.2915 10.7559 21.2678 11.7322Z">
                                    </path>
                                </svg></div>
                            <div>
                                <p class="TeleclinicSpecific_headline__gKSgx">Beratung, Rezept &amp; Krankschreibung
                                    direkt online</p>
                                <p class="TeleclinicSpecific_copy__GJFfS">Erledigen Sie den Arztbesuch in wenigen Klicks
                                    von Zuhause per Videosprechstunde. Ganz ohne Wartezimmer und Terminprobleme.
                                    Inklusive Kostenübernahme durch alle Krankenkassen.</p><a
                                    class="text-trust-green text-sm font-semibold underline underline-offset-[0.4em] TeleclinicSpecific_ctaLabel__yYfPx sm:hidden"
                                    href="/kytta-schmerzsalbe/10832865#">Zum Online-Arzt</a><button
                                    aria-disabled="false" type="button"
                                    class="font-semibold flex items-center justify-center rounded-lg cursor-pointer px-4 min-w-[6.5rem] h-12 select-none disabled:opacity-40 disabled:cursor-default gap-2 border border-solid border-trust-green bg-transparent text-trust-green hover:[&amp;:not(:disabled)]:bg-transparent hover:[&amp;:not(:disabled)]:border-balance-green hover:[&amp;:not(:disabled)]:text-balance-green focus:[&amp;:not(:disabled)]:bg-transparent focus:[&amp;:not(:disabled)]:border-balance-green focus:[&amp;:not(:disabled)]:text-trust-green w-full md:hidden"
                                    aria-label="Zum Online-Arzt"><svg viewBox="0 0 24 24" fill="none"
                                        xmlns="http://www.w3.org/2000/svg" stroke="currentColor" stroke-width="1.5"
                                        stroke-linecap="round" stroke-linejoin="round" height="1.5rem" width="1.5rem"
                                        class="shrink-0 stroke-2" focusable="false" id="online-consultation"
                                        aria-label="online-consultation" role="img">
                                        <path
                                            d="M6 3H4C2.895 3 2 3.895 2 5V9C2 12.314 4.686 15 8 15M8 15C11.314 15 14 12.314 14 9V5C14 3.895 13.105 3 12 3H10M8 15V16.25C8 19.426 10.574 22 13.75 22C16.926 22 19.5 19.426 19.5 16.25V16M6 2V4M10 2V4M21.2678 11.7322C22.2441 12.7085 22.2441 14.2914 21.2678 15.2677C20.2915 16.244 18.7086 16.244 17.7323 15.2677C16.756 14.2914 16.756 12.7085 17.7323 11.7322C18.7086 10.7559 20.2915 10.7559 21.2678 11.7322Z">
                                        </path>
                                    </svg><span class="">Zum Online-Arzt</span></button>
                            </div>
                        </div><!--/$-->
                    </section>
                    <div class="my-8">
                        <section
                            class="border-grey-4 font-base grid auto-cols-fr rounded-lg border p-4 md:grid-flow-col lg:px-12">
                            <div class="flex items-center gap-4 px-[min(16px,5%)] sm:py-4 md:justify-center"><svg
                                    viewBox="0 0 24 24" fill="none" xmlns="http://www.w3.org/2000/svg"
                                    stroke="currentColor" stroke-width="1.5" stroke-linecap="round"
                                    stroke-linejoin="round" height="1.5rem" width="1.5rem" class="shrink-0" id="barcode"
                                    aria-label="barcode" role="img">
                                    <path d="M3 3V21M21 3V21M6 3V17.4M10 3V17.4M14 3V14M17 3V17.4"></path>
                                </svg>
                                <div class="overflow-hidden">
                                    <div title="PZN" class="leading-xl text-grey-2 shrink-0 text-sm">PZN</div>
                                    <div title="10832865"
                                        class="leading-xl mb-0 overflow-hidden text-ellipsis whitespace-nowrap text-sm font-semibold">
                                        10832865</div>
                                </div>
                            </div>
                            <div class="flex items-center gap-4 px-[min(16px,5%)] sm:py-4 md:justify-center"><svg
                                    viewBox="0 0 24 24" fill="none" xmlns="http://www.w3.org/2000/svg"
                                    stroke="currentColor" stroke-width="1.5" stroke-linecap="round"
                                    stroke-linejoin="round" height="1.5rem" width="1.5rem" class="shrink-0"
                                    id="dosage-form" aria-label="dosage-form" role="img">
                                    <path
                                        d="M10 10H2M14.38 13.38L18.62 17.62M16.2678 2.73223C17.2441 3.70854 17.2441 5.29145 16.2678 6.26776C15.2915 7.24407 13.7086 7.24407 12.7323 6.26776C11.756 5.29145 11.756 3.70854 12.7323 2.73223C13.7086 1.75592 15.2915 1.75592 16.2678 2.73223ZM8.82843 7.17157C10.3905 8.73367 10.3905 11.2663 8.82843 12.8284C7.26633 14.3905 4.73367 14.3905 3.17158 12.8284C1.60948 11.2663 1.60948 8.73366 3.17158 7.17157C4.73368 5.60947 7.26634 5.60947 8.82843 7.17157ZM21.115 15.155L16.155 20.115C14.975 21.295 13.063 21.295 11.883 20.115C10.703 18.935 10.703 17.023 11.883 15.843L16.843 10.883C18.023 9.703 19.935 9.703 21.115 10.883C22.295 12.063 22.295 13.976 21.115 15.155Z">
                                    </path>
                                </svg>
                                <div class="overflow-hidden">
                                    <div title="Darreichungsform" class="leading-xl text-grey-2 shrink-0 text-sm">
                                        Darreichungsform</div>
                                    <div title="Creme"
                                        class="leading-xl mb-0 overflow-hidden text-ellipsis whitespace-nowrap text-sm font-semibold">
                                        Creme</div>
                                </div>
                            </div>
                            <div class="flex items-center gap-4 px-[min(16px,5%)] sm:py-4 md:justify-center"><svg
                                    viewBox="0 0 24 24" fill="none" xmlns="http://www.w3.org/2000/svg"
                                    stroke="currentColor" stroke-width="1.5" stroke-linecap="round"
                                    stroke-linejoin="round" height="1.5rem" width="1.5rem" class="shrink-0" id="brand"
                                    aria-label="brand" role="img">
                                    <path d="M8.313 7.759a.389.389 0 1 1-.55.55.389.389 0 0 1 .55-.55"></path>
                                    <path
                                        d="M7.244 3.025 10.093 3a1.983 1.983 0 0 1 1.418.58l8.904 8.908a2 2 0 0 1 0 2.829l-5.094 5.097a2 2 0 0 1-2.83 0L3.58 11.5A1.982 1.982 0 0 1 3 10.099V7.287c0-.526.209-1.03.58-1.401l2.28-2.281a1.979 1.979 0 0 1 1.384-.58Z"
                                        clip-rule="evenodd"></path>
                                </svg>
                                <div class="overflow-hidden">
                                    <div title="Marke" class="leading-xl text-grey-2 shrink-0 text-sm">Marke</div>
                                    <div title="Kytta"
                                        class="leading-xl mb-0 overflow-hidden text-ellipsis whitespace-nowrap text-sm font-semibold">
                                        Kytta</div>
                                </div>
                            </div>
                            <div class="flex items-center gap-4 px-[min(16px,5%)] sm:py-4 md:justify-center"><svg
                                    viewBox="0 0 24 24" fill="none" xmlns="http://www.w3.org/2000/svg"
                                    stroke="currentColor" stroke-width="1.5" stroke-linecap="round"
                                    stroke-linejoin="round" height="1.5rem" width="1.5rem" class="shrink-0"
                                    id="producer" aria-label="producer" role="img">
                                    <path
                                        d="M19.5005 5.375C19.5695 5.37528 19.6252 5.43136 19.625 5.50034C19.6248 5.56931 19.5688 5.62509 19.4998 5.625C19.4309 5.62491 19.375 5.56897 19.375 5.5C19.3748 5.46671 19.388 5.43474 19.4116 5.41125C19.4352 5.38775 19.4672 5.3747 19.5005 5.375">
                                    </path>
                                    <path
                                        d="M21 13V16C21 18.7614 18.7614 21 16 21H8C5.23858 21 3 18.7614 3 16V8C3 5.23858 5.23858 3 8 3H13M12.6 17H8C7.44772 17 7 16.5523 7 16V9C7 8.44772 7.44772 8 8 8H11.5C12.0523 8 12.5 8.44772 12.5 9V12M15 12C15.5523 12 16 12.4477 16 13V16C16 16.5523 15.5523 17 15 17H11.5C10.9477 17 10.5 16.5523 10.5 16V13C10.5 12.4477 10.9477 12 11.5 12H15ZM16 5.5C16 3.567 17.567 2 19.5 2C21.433 2 23 3.567 23 5.5C23 7.1614 21.1435 8.93829 20.1339 9.78151C19.761 10.073 19.2374 10.0728 18.8647 9.78117C17.8561 8.93784 16 7.16118 16 5.5Z">
                                    </path>
                                </svg>
                                <div class="overflow-hidden">
                                    <div title="Hersteller" class="leading-xl text-grey-2 shrink-0 text-sm">Hersteller
                                    </div>
                                    <div title="WICK Pharma - Zweigniederlassung der Procter &amp; Gamble GmbH"
                                        class="leading-xl mb-0 overflow-hidden text-ellipsis whitespace-nowrap text-sm font-semibold">
                                        WICK Pharma - Zweigniederlassung der Procter &amp; Gamble GmbH</div>
                                </div>
                            </div>
                        </section>
                    </div>
                    <div class="lg:grid lg:grid-cols-[75%_25%]">
                        <div class="lg:pr-8">
                            <div class="lg:pr-8">
                                <section aria-label="Kytta Schmerzsalbe 150 g" class="ShowMore_showMore__FxbIZ">
                                    <div data-testid="show-more-content" id="show-more-Kytta Schmerzsalbe 150 g-content"
                                        role="region" aria-label="Kytta Schmerzsalbe 150 g" aria-hidden="false"
                                        class="ShowMore_content__1_XT1" style="max-height:3000px">
                                        <h2 class="text-5 font-base text-grey-1 font-semibold leading-normal">
                                            Produktinformationen</h2>
                                        <div class="innerHtml text-sm">
                                            <h2>Die Kraft der Natur* gegen Schmerzen</h2>
                                            <p></p>
                                            <p>Bei Kytta Schmerzsalbe handelt es sich um eine Salbe von P&amp;G Health
                                                Germany GmbH. <br></p>
                                            <p>Die Kraft der Natur* gegen Schmerzen – Kytta bekämpft Schmerzen, schnell
                                                und stark*.</p>
                                            <p>Kytta ist die Schmerzsalbe mit einzigartigem Beinwellwurzelextrakt, deren
                                                Wirkung in klinischen Studien1-4 erwiesen ist. Die Salbe wirkt
                                                abschwellend sowie entzündungshemmend, ist gut verträglich** und hat
                                                keine bekannten Wechselwirkungen. Und das bei:</p>
                                            <ol>
                                                <li>
                                                    <p>Akuten Muskelschmerzen im Bereich des Rückens,</p>
                                                </li>
                                                <li>
                                                    <p>Schmerzen und Schwellungen bei Kniegelenksarthrose,</p>
                                                </li>
                                                <li>
                                                    <p>Zerrungen, Verstauchungen, Prellungen nach Sport- und
                                                        Unfallverletzungen</p>
                                                    <p>Traditionelle Arzneipflanzen wie der Beinwell haben seit
                                                        Jahrhunderten einen hohen Stellenwert in der Behandlung von
                                                        Schmerzen. Der Extrakt wird in der modernen Medizin zur
                                                        Behandlung von Muskel-, Kniegelenk- und Rückenschmerzen
                                                        eingesetzt. Kytta Schmerzsalbe lässt sich mühelos und präzise
                                                        auf die Stellen des Körpers auftragen, die Ihnen Schmerzen
                                                        bereiten. Genießen Sie es, aktiv zu sein.</p>
                                                    <p><br><br><strong>Kytta – Die Kraft der Natur* gegen
                                                            Schmerzen.</strong> <br><br>* Wirkstoffe pflanzlichen
                                                        Ursprungs **gilt für Erwachsene * Giannetti BM., et al. Br J
                                                        Sports Med. 2010; 44:637-41. Studie an Patienten mit akutem
                                                        Rückenschmerz; ** Grube B., et al. Phytomedicine. 2007; 14:2-10;
                                                        *** Predel H-G., et al. Phytomedicine 2005;12:707-14; **** Koll
                                                        R., et al. Phytomedicine 2004;11:470-7</p>
                                                    <p></p>
                                                    <p><br><br></p>
                                                    <p></p>
                                                    <p></p>
                                                    <h3>Pflichttext:</h3>
                                                    <p></p>
                                                    <p></p>
                                                    <p>Kytta® Schmerzsalbe. <strong>Wirkstoff:</strong>
                                                        Beinwellwurzel-Fluidextrakt. <strong>Anwendungsgebiete:</strong>
                                                        Erwachsene: Zur äußerlichen Behandlung von Schmerzen und
                                                        Schwellungen bei Kniegelenksarthrose degenerativen Ursprungs;
                                                        akuten Muskelschmerzen (Myalgien) im Bereich des Rückens;
                                                        Verstauchungen, Prellungen und Zerrungen nach Sport- und
                                                        Unfallverletzungen. Kinder ab 8 Jahren und Jugendliche: Zur
                                                        äußerlichen Behandlung von Verstauchungen, Prellungen und
                                                        Zerrungen nach Sport- und Unfallverletzungen.
                                                        <strong>Warnhinweise:</strong> Enthält Erdnussöl, Butyl-,
                                                        Ethyl-, Methyl-, 2-Methylpropyl- und Propyl- 4-hydroxybenzoat
                                                        (Parabene), Cetylstearylalkohol, Natriumdodecylsulfat, Duftstoff
                                                        (Parfümöl) mit Benzylalkohol, Benzylbenzoat, Citral, Cumarin,
                                                        Eugenol, Geraniol, Hydroxycitronellal, Limonen, Linalool, und
                                                        Rosmarinöl. Stand: Oktober 2020
                                                    </p>
                                                    <p></p>
                                                    <p></p>
                                                    <p>Zu Risiken und Nebenwirkungen lesen Sie die Packungsbeilage und
                                                        fragen Sie Ihre Ärztin, Ihren Arzt oder in Ihrer Apotheke.</p>
                                                    <p></p>
                                                </li>
                                            </ol>
                                        </div>
                                    </div>
                                </section>
                            </div>
                            <div>
                                <div class="border-b-grey-5 w-full border-b" style="height:32px"></div>
                                <div style="height:32px"></div>
                            </div>
                            <div></div>
                            <div>
                                <section class="md:target:pt-28 usage-information_usageInformation__BhuWo">
                                    <h2 class="usage-information_heading__UGLEO !leading-2xl">Gebrauchsinformationen
                                        &amp; Pflichtangaben</h2>
                                    <div class="usage-information_downloads__L7_Pb">
                                        <div class="usage-information_pdf__3Ke_e"><svg viewBox="0 0 24 24" fill="none"
                                                xmlns="http://www.w3.org/2000/svg" stroke="currentColor"
                                                stroke-width="1.5" stroke-linecap="round" stroke-linejoin="round"
                                                height="1.5rem" width="1.5rem" id="file" aria-label="file" role="img">
                                                <path
                                                    d="M19 8H15C14.448 8 14 7.552 14 7V3M8 11H14M8 14H14M8 17H12.33M18.414 6.414L15.586 3.586C15.211 3.211 14.702 3 14.172 3H7C5.895 3 5 3.895 5 5V19C5 20.105 5.895 21 7 21H17C18.105 21 19 20.105 19 19V7.828C19 7.298 18.789 6.789 18.414 6.414Z">
                                                </path>
                                            </svg><a
                                                class="text-trust-green text-sm font-semibold underline underline-offset-[0.4em]"
                                                target="_blank"
                                                href="https://graphql.docmorris.de/catalog/leaflets/10832865-beipackzettel.pdf">Beipackzettel</a>
                                        </div>
                                    </div>
                                    <div>
                                        <div class="AccordionItem_accordionItem__Ypf9f">
                                            <section aria-label="Dosierung">
                                                <div><button aria-controls="Dosierung-content" aria-expanded="false"
                                                        aria-label="Dosierung Weniger anzeigen"
                                                        class="AccordionItem_arrowButton__Vl3Mu bg-grey-6 p-4"
                                                        title="ändert die Sichtbarkeit des Inhalts">
                                                        <h3 class="AccordionItem_header__sa1_z">Dosierung</h3><svg
                                                            xmlns="http://www.w3.org/2000/svg" viewBox="0 0 24 24"
                                                            class="AccordionItem_icon__0FJ1c" id="button-down"
                                                            aria-label="button-down" role="img">
                                                            <path fill="none" stroke="currentColor"
                                                                stroke-linecap="round" stroke-linejoin="round"
                                                                stroke-width="1.5" d="m21 7.5-9 9-9-9"></path>
                                                        </svg>
                                                    </button></div>
                                                <div data-testid="accordion-item-content" id="Dosierung-content"
                                                    role="region" aria-label="Dosierung" aria-hidden="true"
                                                    class="AccordionItem_accordionContent__0eJlc p-2 md:p-4" hidden="">
                                                    <span>
                                                        <ul>
                                                            <li>Wenden Sie dieses Arzneimittel immer genau wie
                                                                beschrieben bzw. genau nach Anweisung Ihres Arztes oder
                                                                Apothekers an. Fragen Sie bei Ihrem Arzt oder Apotheker
                                                                nach, wenn Sie nicht sicher sind.</li>
                                                            <li>Die angegebene Dosierung sollte nur nach Rücksprache mit
                                                                Ihrem Arzt überschritten werden.</li>
                                                            <li>Die empfohlene Dosis beträgt:<ul>
                                                                    <li>Erwachsene<ul>
                                                                            <li>Je nach Größe der zu behandelnden
                                                                                Körperstelle und nach Stärke der
                                                                                Beschwerden, drei- bis viermal täglich
                                                                                einen 6 cm langen Salbenstrang
                                                                                (entsprechend jeweils ca. 2 g
                                                                                Schmerzsalbe) auftragen. Bei akuten
                                                                                Rückenschmerzen kann dreimal täglich ein
                                                                                12 cm langer Salbenstrang (entsprechend
                                                                                jeweils ca. 4 g Schmerzsalbe)
                                                                                aufgetragen werden.</li>
                                                                        </ul>
                                                                    </li>
                                                                    <li>Kinder ab 8 Jahren und Jugendliche<ul>
                                                                            <li>Je nach Größe der zu behandelnden
                                                                                Körperstelle, zwei- bis dreimal täglich
                                                                                einen 4 - 6 cm langen Salbenstrang
                                                                                (entsprechend jeweils ca. 1,2 g bis 2 g
                                                                                Schmerzsalbe) auftragen.</li>
                                                                        </ul>
                                                                    </li>
                                                                </ul>
                                                            </li>
                                                            <li>Dauer der Anwendung<ul>
                                                                    <li>Erwachsene <ul>
                                                                            <li>Die Anwendungsdauer richtet sich nach
                                                                                den Symptomen und der zugrundeliegenden
                                                                                Erkrankung. Bei akuten Muskelschmerzen
                                                                                im Bereich des Rückens, Verstauchungen,
                                                                                Prellungen und Zerrungen ist gewöhnlich
                                                                                eine Anwendung über 10 Tage ausreichend;
                                                                                bei Kniegelenksarthrose kann eine
                                                                                Anwendung bis zu 3 Wochen erforderlich
                                                                                sein.</li>
                                                                        </ul>
                                                                    </li>
                                                                    <li>Kinder und Jugendliche<ul>
                                                                            <li>Bei Kindern ab 8 Jahren und Jugendlichen
                                                                                nicht länger als 1 Woche anwenden.</li>
                                                                        </ul>
                                                                    </li>
                                                                    <li>Sollten sich die Beschwerden bei
                                                                        Selbstbehandlung mit dem Arzneimittel nicht
                                                                        innerhalb von 3 - 4 Tagen bessern oder sogar
                                                                        verschlimmern, wenden Sie sich bitte an Ihren
                                                                        Arzt.</li>
                                                                </ul>
                                                            </li>
                                                        </ul>
                                                        <p>&nbsp;</p>
                                                        <ul>
                                                            <li>Wenn Sie eine größere Menge angewendet haben, als Sie
                                                                sollten<ul>
                                                                    <li>Fahren Sie mit der Anwendung fort, so wie es in
                                                                        der Dosierungsanleitung beschrieben ist.</li>
                                                                    <li>Wenn Sie versehentlich größere Mengen
                                                                        verschluckt haben, entfernen Sie die Reste aus
                                                                        Mund und Nase und wenden sich an einen Arzt.
                                                                    </li>
                                                                </ul>
                                                            </li>
                                                        </ul>
                                                        <p>&nbsp;</p>
                                                        <ul>
                                                            <li>Wenn Sie die Anwendung vergessen haben<ul>
                                                                    <li>Wenden Sie nicht die doppelte Dosis an, wenn Sie
                                                                        die vorherige Anwendung vergessen haben. Fahren
                                                                        Sie mit der Anwendung fort, so wie es in der
                                                                        Dosierungsanleitung beschrieben ist.</li>
                                                                </ul>
                                                            </li>
                                                        </ul>
                                                        <p>&nbsp;</p>
                                                        <ul>
                                                            <li>Wenn Sie die Anwendung abbrechen<ul>
                                                                    <li>Eine Unterbrechung oder vorzeitige Beendigung
                                                                        der Behandlung ist unbedenklich.</li>
                                                                </ul>
                                                            </li>
                                                        </ul>
                                                        <p>&nbsp;</p>
                                                        <ul>
                                                            <li>Wenn Sie weitere Fragen zur Anwendung dieses
                                                                Arzneimittels haben, wenden Sie sich an Ihren Arzt oder
                                                                Apotheker.</li>
                                                        </ul>
                                                    </span>
                                                </div>
                                            </section>
                                        </div>
                                        <div class="AccordionItem_accordionItem__Ypf9f">
                                            <section aria-label="Warnhinweise &amp; Hilfsstoffe">
                                                <div><button aria-controls="WarnhinweiseHilfsstoffe-content"
                                                        aria-expanded="false"
                                                        aria-label="Warnhinweise &amp; Hilfsstoffe Weniger anzeigen"
                                                        class="AccordionItem_arrowButton__Vl3Mu bg-grey-6 p-4"
                                                        title="ändert die Sichtbarkeit des Inhalts">
                                                        <h3 class="AccordionItem_header__sa1_z">Warnhinweise &
                                                            Hilfsstoffe</h3><svg xmlns="http://www.w3.org/2000/svg"
                                                            viewBox="0 0 24 24" class="AccordionItem_icon__0FJ1c"
                                                            id="button-down" aria-label="button-down" role="img">
                                                            <path fill="none" stroke="currentColor"
                                                                stroke-linecap="round" stroke-linejoin="round"
                                                                stroke-width="1.5" d="m21 7.5-9 9-9-9"></path>
                                                        </svg>
                                                    </button></div>
                                                <div data-testid="accordion-item-content"
                                                    id="WarnhinweiseHilfsstoffe-content" role="region"
                                                    aria-label="Warnhinweise &amp; Hilfsstoffe" aria-hidden="true"
                                                    class="AccordionItem_accordionContent__0eJlc p-2 md:p-4" hidden="">
                                                    <span>Enthält Parabene als Konservierungsmittel. Das Arzneimittel
                                                        kann Überempfindlichkeitsreaktionen hervorrufen. </span>
                                                </div>
                                            </section>
                                        </div>
                                        <div class="AccordionItem_accordionItem__Ypf9f">
                                            <section aria-label="Wechselwirkungen">
                                                <div><button aria-controls="Wechselwirkungen-content"
                                                        aria-expanded="false"
                                                        aria-label="Wechselwirkungen Weniger anzeigen"
                                                        class="AccordionItem_arrowButton__Vl3Mu bg-grey-6 p-4"
                                                        title="ändert die Sichtbarkeit des Inhalts">
                                                        <h3 class="AccordionItem_header__sa1_z">Wechselwirkungen</h3>
                                                        <svg xmlns="http://www.w3.org/2000/svg" viewBox="0 0 24 24"
                                                            class="AccordionItem_icon__0FJ1c" id="button-down"
                                                            aria-label="button-down" role="img">
                                                            <path fill="none" stroke="currentColor"
                                                                stroke-linecap="round" stroke-linejoin="round"
                                                                stroke-width="1.5" d="m21 7.5-9 9-9-9"></path>
                                                        </svg>
                                                    </button></div>
                                                <div data-testid="accordion-item-content" id="Wechselwirkungen-content"
                                                    role="region" aria-label="Wechselwirkungen" aria-hidden="true"
                                                    class="AccordionItem_accordionContent__0eJlc p-2 md:p-4" hidden="">
                                                    <span>
                                                        <ul>
                                                            <li>Anwendung zusammen mit anderen Arzneimitteln<ul>
                                                                    <li>Informieren Sie Ihren Arzt oder Apotheker, wenn
                                                                        Sie andere Arzneimittel einnehmen/anwenden bzw.
                                                                        vor kurzem eingenommen/angewendet haben oder
                                                                        beabsichtigen andere Arzneimittel
                                                                        einzunehmen/anzuwenden.</li>
                                                                </ul>
                                                            </li>
                                                        </ul>
                                                    </span>
                                                </div>
                                            </section>
                                        </div>
                                        <div class="AccordionItem_accordionItem__Ypf9f">
                                            <section aria-label="Patientenhinweise">
                                                <div><button aria-controls="Patientenhinweise-content"
                                                        aria-expanded="false"
                                                        aria-label="Patientenhinweise Weniger anzeigen"
                                                        class="AccordionItem_arrowButton__Vl3Mu bg-grey-6 p-4"
                                                        title="ändert die Sichtbarkeit des Inhalts">
                                                        <h3 class="AccordionItem_header__sa1_z">Patientenhinweise</h3>
                                                        <svg xmlns="http://www.w3.org/2000/svg" viewBox="0 0 24 24"
                                                            class="AccordionItem_icon__0FJ1c" id="button-down"
                                                            aria-label="button-down" role="img">
                                                            <path fill="none" stroke="currentColor"
                                                                stroke-linecap="round" stroke-linejoin="round"
                                                                stroke-width="1.5" d="m21 7.5-9 9-9-9"></path>
                                                        </svg>
                                                    </button></div>
                                                <div data-testid="accordion-item-content" id="Patientenhinweise-content"
                                                    role="region" aria-label="Patientenhinweise" aria-hidden="true"
                                                    class="AccordionItem_accordionContent__0eJlc p-2 md:p-4" hidden="">
                                                    <span>
                                                        <ul>
                                                            <li>Warnhinweise und Vorsichtsmaßnahmen<ul>
                                                                    <li>Bitte sprechen Sie mit Ihrem Arzt oder
                                                                        Apotheker, bevor Sie das Präparat anwenden, wenn
                                                                        Sie bereits an Allergien leiden oder gelitten
                                                                        haben, da Sie dann häufiger zu
                                                                        Überempfindlichkeitsreaktionen neigen.</li>
                                                                    <li>Wenn Sie die Schmerzsalbe zum ersten Mal
                                                                        anwenden, sollten Sie das Arzneimittel durch
                                                                        kleinflächiges Auftragen, z. B. am Handgelenk,
                                                                        auf Verträglichkeit testen.</li>
                                                                    <li>Die Anwendung der Schmerzsalbe ist nur zur
                                                                        äußerlichen Anwendung bestimmt und darf nur auf
                                                                        intakter Haut erfolgen.</li>
                                                                    <li>Das Arzneimittel darf nicht auf offene Wunden,
                                                                        in die Augen oder auf Schleimhäute aufgetragen
                                                                        werden.</li>
                                                                    <li>Kinder und Jugendliche<ul>
                                                                            <li>Angaben siehe in Kategorie
                                                                                „Kontraindikation," sowie in Kategorie
                                                                                "Dosierung"</li>
                                                                        </ul>
                                                                    </li>
                                                                </ul>
                                                            </li>
                                                        </ul>
                                                        <p>&nbsp;</p>
                                                        <ul>
                                                            <li>Verkehrstüchtigkeit und das Bedienen von Maschinen<ul>
                                                                    <li>Es sind keine besonderen Vorsichtsmaßnahmen
                                                                        erforderlich.</li>
                                                                </ul>
                                                            </li>
                                                        </ul>
                                                    </span>
                                                </div>
                                            </section>
                                        </div>
                                        <div class="AccordionItem_accordionItem__Ypf9f">
                                            <section aria-label="Nebenwirkungen">
                                                <div><button aria-controls="Nebenwirkungen-content"
                                                        aria-expanded="false"
                                                        aria-label="Nebenwirkungen Weniger anzeigen"
                                                        class="AccordionItem_arrowButton__Vl3Mu bg-grey-6 p-4"
                                                        title="ändert die Sichtbarkeit des Inhalts">
                                                        <h3 class="AccordionItem_header__sa1_z">Nebenwirkungen</h3><svg
                                                            xmlns="http://www.w3.org/2000/svg" viewBox="0 0 24 24"
                                                            class="AccordionItem_icon__0FJ1c" id="button-down"
                                                            aria-label="button-down" role="img">
                                                            <path fill="none" stroke="currentColor"
                                                                stroke-linecap="round" stroke-linejoin="round"
                                                                stroke-width="1.5" d="m21 7.5-9 9-9-9"></path>
                                                        </svg>
                                                    </button></div>
                                                <div data-testid="accordion-item-content" id="Nebenwirkungen-content"
                                                    role="region" aria-label="Nebenwirkungen" aria-hidden="true"
                                                    class="AccordionItem_accordionContent__0eJlc p-2 md:p-4" hidden="">
                                                    <span>
                                                        <ul>
                                                            <li>Wie alle Arzneimittel kann auch dieses Arzneimittel
                                                                Nebenwirkungen haben, die aber nicht bei jedem auftreten
                                                                müssen.</li>
                                                            <li>Die Häufigkeit der folgenden Nebenwirkungen ist auf
                                                                Grundlage der verfügbaren Daten nicht abschätzbar.</li>
                                                            <li>Bedingt durch individuelle Reaktionen auf die
                                                                Inhaltstoffe können lokale Hautreaktionen auftreten. Wie
                                                                bei allen Arzneimitteln zur äußerlichen Anwendung können
                                                                nach der Anwendung Überempfindlichkeitsreaktionen
                                                                auftreten. Diese können entweder an der Hautstelle, wo
                                                                das Arzneimittel aufgetragen wurde, oder auch an anderen
                                                                Körperstellen auftreten.</li>
                                                            <li>Folgende Nebenwirkungen sind möglich:<ul>
                                                                    <li>örtlich begrenzte Überempfindlichkeitsreaktionen
                                                                        an der Auftragungsstelle</li>
                                                                    <li>allgemeine Überempfindlichkeitsreaktionen in
                                                                        Form von Nesselsucht, sowie Angioödemen
                                                                        (plötzliche Schwellungen im Gesicht, der
                                                                        Augenlider oder im Mundbereich). Zudem kann es
                                                                        zu Überempfindlichkeitsreaktionen z. B. des
                                                                        Magen-Darm-Traktes (z. B. Übelkeit,
                                                                        Bauchschmerzen), der Augen (z. B. allergische
                                                                        Bindehautentzündung), der Atemwege (z. B.
                                                                        allergischer Schnupfen, erschwerte Atmung und
                                                                        Spasmen) oder des Herz-Kreislaufsystems (z. B.
                                                                        Blutdruckabfall, Herzrasen) kommen</li>
                                                                    <li>Kontaktdermatitis, Ekzeme, Schmerzempfindungen
                                                                        und Brennen auf der Haut, Juckreiz, Rötungen
                                                                        sowie Hautausschläge (z. B. in Form von
                                                                        Bläschen), die nicht auf die Auftragungsstelle
                                                                        begrenzt sind</li>
                                                                </ul>
                                                            </li>
                                                            <li>Bei Auftreten schwerer Überempfindlichkeitsreaktionen,
                                                                wenden Sie sich bitte an einen Arzt.</li>
                                                            <li>Für mehr Infromationen, s. Gebrauchsinformation.</li>
                                                            <li>Wenn Sie Nebenwirkungen bemerken, wenden Sie sich an
                                                                Ihren Arzt oder Apotheker. Dies gilt auch für
                                                                Nebenwirkungen, die nicht angegeben sind.</li>
                                                        </ul>
                                                    </span>
                                                </div>
                                            </section>
                                        </div>
                                        <div class="AccordionItem_accordionItem__Ypf9f">
                                            <section aria-label="Anwendungsgebiete">
                                                <div><button aria-controls="Anwendungsgebiete-content"
                                                        aria-expanded="false"
                                                        aria-label="Anwendungsgebiete Weniger anzeigen"
                                                        class="AccordionItem_arrowButton__Vl3Mu bg-grey-6 p-4"
                                                        title="ändert die Sichtbarkeit des Inhalts">
                                                        <h3 class="AccordionItem_header__sa1_z">Anwendungsgebiete</h3>
                                                        <svg xmlns="http://www.w3.org/2000/svg" viewBox="0 0 24 24"
                                                            class="AccordionItem_icon__0FJ1c" id="button-down"
                                                            aria-label="button-down" role="img">
                                                            <path fill="none" stroke="currentColor"
                                                                stroke-linecap="round" stroke-linejoin="round"
                                                                stroke-width="1.5" d="m21 7.5-9 9-9-9"></path>
                                                        </svg>
                                                    </button></div>
                                                <div data-testid="accordion-item-content" id="Anwendungsgebiete-content"
                                                    role="region" aria-label="Anwendungsgebiete" aria-hidden="true"
                                                    class="AccordionItem_accordionContent__0eJlc p-2 md:p-4" hidden="">
                                                    <span>
                                                        <ul>
                                                            <li>Erwachsene<ul>
                                                                    <li>Das Präparat ist ein Arzneimittel zur
                                                                        äußerlichen Behandlung von Schmerzen und
                                                                        Schwellungen bei Kniegelenksarthrose
                                                                        degenerativen Ursprungs; akuten Muskelschmerzen
                                                                        (Myalgien) im Bereich des Rückens;
                                                                        Verstauchungen, Prellungen und Zerrungen nach
                                                                        Sport- und Unfallverletzungen.</li>
                                                                </ul>
                                                            </li>
                                                            <li>Kinder ab 8 Jahren und Jugendliche<ul>
                                                                    <li>Zur äußerlichen Behandlung von Verstauchungen,
                                                                        Prellungen und Zerrungen nach Sport- und
                                                                        Unfallverletzungen.</li>
                                                                </ul>
                                                            </li>
                                                            <li>Der in dem Arzneimittel enthaltene Wirkstoff
                                                                Beinwellwurzel-Fluidextrakt dient zur äußerlichen
                                                                Anwendung bei Schmerzen und Schwellungen.</li>
                                                        </ul>
                                                    </span>
                                                </div>
                                            </section>
                                        </div>
                                        <div class="AccordionItem_accordionItem__Ypf9f">
                                            <section aria-label="Stillzeit">
                                                <div><button aria-controls="Stillzeit-content" aria-expanded="false"
                                                        aria-label="Stillzeit Weniger anzeigen"
                                                        class="AccordionItem_arrowButton__Vl3Mu bg-grey-6 p-4"
                                                        title="ändert die Sichtbarkeit des Inhalts">
                                                        <h3 class="AccordionItem_header__sa1_z">Stillzeit</h3><svg
                                                            xmlns="http://www.w3.org/2000/svg" viewBox="0 0 24 24"
                                                            class="AccordionItem_icon__0FJ1c" id="button-down"
                                                            aria-label="button-down" role="img">
                                                            <path fill="none" stroke="currentColor"
                                                                stroke-linecap="round" stroke-linejoin="round"
                                                                stroke-width="1.5" d="m21 7.5-9 9-9-9"></path>
                                                        </svg>
                                                    </button></div>
                                                <div data-testid="accordion-item-content" id="Stillzeit-content"
                                                    role="region" aria-label="Stillzeit" aria-hidden="true"
                                                    class="AccordionItem_accordionContent__0eJlc p-2 md:p-4" hidden="">
                                                    <span>
                                                        <ul>
                                                            <li>Wenn Sie schwanger sind oder stillen, oder wenn Sie
                                                                vermuten, schwanger zu sein oder beabsichtigen,
                                                                schwanger zu werden, fragen Sie vor der Anwendung dieses
                                                                Arzneimittels Ihren Arzt oder Apotheker um Rat.</li>
                                                            <li>Schwangerschaft und Stillzeit<ul>
                                                                    <li>Es liegen keine ausreichenden Daten zur
                                                                        Anwendung von der Schmerzsalbe während der
                                                                        Schwangerschaft und Stillzeit vor. Die Anwendung
                                                                        während der Schwangerschaft und Stillzeit wird
                                                                        daher nicht empfohlen.</li>
                                                                </ul>
                                                            </li>
                                                            <li>Fortpflanzungsfähigkeit<ul>
                                                                    <li>Es liegen keine Untersuchungen zur Beeinflussung
                                                                        der Fruchtbarkeit vor.</li>
                                                                </ul>
                                                            </li>
                                                        </ul>
                                                    </span>
                                                </div>
                                            </section>
                                        </div>
                                        <div class="AccordionItem_accordionItem__Ypf9f">
                                            <section aria-label="Anwendungshinweise">
                                                <div><button aria-controls="Anwendungshinweise-content"
                                                        aria-expanded="false"
                                                        aria-label="Anwendungshinweise Weniger anzeigen"
                                                        class="AccordionItem_arrowButton__Vl3Mu bg-grey-6 p-4"
                                                        title="ändert die Sichtbarkeit des Inhalts">
                                                        <h3 class="AccordionItem_header__sa1_z">Anwendungshinweise</h3>
                                                        <svg xmlns="http://www.w3.org/2000/svg" viewBox="0 0 24 24"
                                                            class="AccordionItem_icon__0FJ1c" id="button-down"
                                                            aria-label="button-down" role="img">
                                                            <path fill="none" stroke="currentColor"
                                                                stroke-linecap="round" stroke-linejoin="round"
                                                                stroke-width="1.5" d="m21 7.5-9 9-9-9"></path>
                                                        </svg>
                                                    </button></div>
                                                <div data-testid="accordion-item-content"
                                                    id="Anwendungshinweise-content" role="region"
                                                    aria-label="Anwendungshinweise" aria-hidden="true"
                                                    class="AccordionItem_accordionContent__0eJlc p-2 md:p-4" hidden="">
                                                    <span>
                                                        <ul>
                                                            <li>Zur Anwendung auf der Haut.</li>
                                                            <li>Tragen Sie die Schmerzsalbe auf die zu behandelnden
                                                                Körperstellen auf und massieren Sie diese dann
                                                                sorgfältig ein.</li>
                                                            <li>Vor Anlegen eines Verbandes sollte einige Minuten
                                                                gewartet werden, bis die Schmerzsalbe in die Haut
                                                                eingezogen ist. Die Anwendung eines luftdichten
                                                                Verbandes (Okklusivverband) wird nicht empfohlen.</li>
                                                        </ul>
                                                    </span>
                                                </div>
                                            </section>
                                        </div>
                                        <div class="AccordionItem_accordionItem__Ypf9f">
                                            <section aria-label="Gegenanzeigen">
                                                <div><button aria-controls="Gegenanzeigen-content" aria-expanded="false"
                                                        aria-label="Gegenanzeigen Weniger anzeigen"
                                                        class="AccordionItem_arrowButton__Vl3Mu bg-grey-6 p-4"
                                                        title="ändert die Sichtbarkeit des Inhalts">
                                                        <h3 class="AccordionItem_header__sa1_z">Gegenanzeigen</h3><svg
                                                            xmlns="http://www.w3.org/2000/svg" viewBox="0 0 24 24"
                                                            class="AccordionItem_icon__0FJ1c" id="button-down"
                                                            aria-label="button-down" role="img">
                                                            <path fill="none" stroke="currentColor"
                                                                stroke-linecap="round" stroke-linejoin="round"
                                                                stroke-width="1.5" d="m21 7.5-9 9-9-9"></path>
                                                        </svg>
                                                    </button></div>
                                                <div data-testid="accordion-item-content" id="Gegenanzeigen-content"
                                                    role="region" aria-label="Gegenanzeigen" aria-hidden="true"
                                                    class="AccordionItem_accordionContent__0eJlc p-2 md:p-4" hidden="">
                                                    <span>
                                                        <ul>
                                                            <li>Das Arzneimittel darf nicht angewendet werden,<ul>
                                                                    <li>wenn Sie allergisch gegen Beinwell oder einem
                                                                        der sonstigen Bestandteile dieses Arzneimittels
                                                                        sind.</li>
                                                                    <li>bei Kindern unter 8 Jahren.</li>
                                                                </ul>
                                                            </li>
                                                        </ul>
                                                    </span>
                                                </div>
                                            </section>
                                        </div>
                                    </div>
                                </section>
                                <div>
                                    <div class="border-b-grey-5 w-full border-b" style="height:32px"></div>
                                    <div style="height:32px"></div>
                                </div>
                            </div>
                            <h2 class="text-5 font-base text-grey-1 mb-6 font-semibold leading-normal">
                                Produktzusammensetzung</h2>
                            <div class="AccordionItem_accordionItem__Ypf9f">
                                <section aria-label="Wirkstoffe">
                                    <div><button aria-controls="Wirkstoffe-content" aria-expanded="true"
                                            aria-label="Wirkstoffe Mehr anzeigen"
                                            class="AccordionItem_arrowButton__Vl3Mu bg-grey-6 p-4"
                                            title="ändert die Sichtbarkeit des Inhalts">
                                            <h3 class="AccordionItem_header__sa1_z">Wirkstoffe</h3><svg
                                                xmlns="http://www.w3.org/2000/svg" viewBox="0 0 24 24"
                                                class="AccordionItem_icon__0FJ1c" id="button-up" aria-label="button-up"
                                                role="img">
                                                <path fill="none" stroke="currentColor" stroke-linecap="round"
                                                    stroke-linejoin="round" stroke-width="1.5"
                                                    d="m21 16.5-9.01-9-8.99 9"></path>
                                            </svg>
                                        </button></div>
                                    <div data-testid="accordion-item-content" id="Wirkstoffe-content" role="region"
                                        aria-label="Wirkstoffe" aria-hidden="false"
                                        class="AccordionItem_accordionContent__0eJlc p-0">
                                        <table class="table_table__ZvUsQ">
                                            <tbody>
                                                <tr class="">
                                                    <th scope="row">Beinwellwurzel-Fluidextrakt</th>
                                                    <td>350 mg</td>
                                                </tr>
                                            </tbody>
                                        </table>
                                    </div>
                                </section>
                            </div>
                            <div class="AccordionItem_accordionItem__Ypf9f">
                                <section aria-label="Hilfsstoffe">
                                    <div><button aria-controls="Hilfsstoffe-content" aria-expanded="false"
                                            aria-label="Hilfsstoffe Weniger anzeigen"
                                            class="AccordionItem_arrowButton__Vl3Mu bg-grey-6 p-4"
                                            title="ändert die Sichtbarkeit des Inhalts">
                                            <h3 class="AccordionItem_header__sa1_z">Hilfsstoffe</h3><svg
                                                xmlns="http://www.w3.org/2000/svg" viewBox="0 0 24 24"
                                                class="AccordionItem_icon__0FJ1c" id="button-down"
                                                aria-label="button-down" role="img">
                                                <path fill="none" stroke="currentColor" stroke-linecap="round"
                                                    stroke-linejoin="round" stroke-width="1.5" d="m21 7.5-9 9-9-9">
                                                </path>
                                            </svg>
                                        </button></div>
                                    <div data-testid="accordion-item-content" id="Hilfsstoffe-content" role="region"
                                        aria-label="Hilfsstoffe" aria-hidden="true"
                                        class="AccordionItem_accordionContent__0eJlc p-0" hidden="">
                                        <table class="table_table__ZvUsQ">
                                            <tbody>
                                                <tr class="">
                                                    <th scope="row">Phenonip</th>
                                                    <td></td>
                                                </tr>
                                                <tr class="">
                                                    <th scope="row">Natriumhydroxid zur pH-Wert-Einstellung</th>
                                                    <td></td>
                                                </tr>
                                                <tr class="">
                                                    <th scope="row">PPG-1-PEG-9 lauryl glycol ether</th>
                                                    <td></td>
                                                </tr>
                                                <tr class="">
                                                    <th scope="row">Cetylstearylalkohol</th>
                                                    <td></td>
                                                </tr>
                                                <tr class="">
                                                    <th scope="row">Glycerolmonostearat</th>
                                                    <td></td>
                                                </tr>
                                                <tr class="">
                                                    <th scope="row">Natriumdodecylsulfat</th>
                                                    <td>1.9 mg</td>
                                                </tr>
                                                <tr class="">
                                                    <th scope="row">Erdnussöl</th>
                                                    <td></td>
                                                </tr>
                                                <tr class="">
                                                    <th scope="row">Wasser, gereinigtes</th>
                                                    <td></td>
                                                </tr>
                                                <tr class="">
                                                    <th scope="row">Lavendelöl</th>
                                                    <td></td>
                                                </tr>
                                                <tr class="">
                                                    <th scope="row">Linalool</th>
                                                    <td></td>
                                                </tr>
                                                <tr class="">
                                                    <th scope="row">DL-Limonen</th>
                                                    <td></td>
                                                </tr>
                                                <tr class="">
                                                    <th scope="row">Fichtennadelöl</th>
                                                    <td></td>
                                                </tr>
                                                <tr class="">
                                                    <th scope="row">Parfümöl Spezial PH 2032791 Dragoco</th>
                                                    <td></td>
                                                </tr>
                                                <tr class="">
                                                    <th scope="row">Benzylalkohol</th>
                                                    <td></td>
                                                </tr>
                                                <tr class="">
                                                    <th scope="row">Benzyl benzoat</th>
                                                    <td>3.4 mg</td>
                                                </tr>
                                                <tr class="">
                                                    <th scope="row">Farnesol</th>
                                                    <td></td>
                                                </tr>
                                                <tr class="">
                                                    <th scope="row">Citronellol</th>
                                                    <td></td>
                                                </tr>
                                                <tr class="">
                                                    <th scope="row">Citral</th>
                                                    <td></td>
                                                </tr>
                                                <tr class="">
                                                    <th scope="row">Cumarin</th>
                                                    <td></td>
                                                </tr>
                                                <tr class="">
                                                    <th scope="row">Eugenol</th>
                                                    <td></td>
                                                </tr>
                                                <tr class="">
                                                    <th scope="row">Geraniol</th>
                                                    <td></td>
                                                </tr>
                                                <tr class="">
                                                    <th scope="row">7-Hydroxy-3,7-dimethyloctanal</th>
                                                    <td></td>
                                                </tr>
                                                <tr class="">
                                                    <th scope="row">Ethanol</th>
                                                    <td>77 mg</td>
                                                </tr>
                                            </tbody>
                                        </table>
                                    </div>
                                </section>
                            </div>
                            <div>
                                <div class="border-b-grey-5 w-full border-b" style="height:32px"></div>
                                <div style="height:32px"></div>
                            </div>
                        </div>
                        <div>
                            <div>
                                <div class="pharma-security-card_safety__W1w48">
                                    <h2 class="pharma-security-card_headline___zzFQ !leading-2xl">So erreichen Sie uns
                                    </h2>
                                    <p>DocMorris ist auf vielfältige Weise für Sie erreichbar. Wählen Sie selbst, wie
                                        Sie mit uns Kontakt aufnehmen möchten. Wir beraten Sie gerne.</p>
                                    <div class="pharma-security-card_iconBlock__roEik space-x-4"><svg
                                            viewBox="0 0 24 24" fill="none" xmlns="http://www.w3.org/2000/svg"
                                            stroke="currentColor" stroke-width="1.5" stroke-linecap="round"
                                            stroke-linejoin="round" height="1.5rem" width="1.5rem" id="video-chat"
                                            aria-label="video-chat" role="img">
                                            <path d="M8 3H6C4.34315 3 3 4.34315 3 6V8"></path>
                                            <path d="M17 21H18C19.6569 21 21 19.6569 21 18V12"></path>
                                            <path
                                                d="M12 21C12 20.337 11.7366 19.7011 11.2678 19.2322C10.7989 18.7634 10.163 18.5 9.5 18.5H4.5C3.11929 18.5 2 19.6193 2 21">
                                            </path>
                                            <circle cx="7" cy="13.5" r="2.5"></circle>
                                            <rect x="12" y="2" width="7" height="7" rx="1.61538"></rect>
                                            <path
                                                d="M19 6.66398L21.0089 7.90228C21.2094 8.02589 21.4612 8.03133 21.6668 7.9165C21.8725 7.80167 22 7.58455 22 7.34898V3.65098C22 3.41541 21.8725 3.19828 21.6669 3.08344C21.4612 2.9686 21.2095 2.97404 21.0089 3.09765L19 4.33598">
                                            </path>
                                        </svg><button type="button"
                                            class="font-semibold underline pharma-security-card_link__jRJxL">Persönliche
                                            Beratung</button></div>
                                </div>
                            </div>
                            <div>
                                <div class="border-b-grey-5 w-full border-b" style="height:32px"></div>
                                <div style="height:32px"></div>
                            </div>
                            <div class="pb-8">
                                <div class="flex flex-col gap-8 md:flex-row md:gap-0 lg:flex-col">
                                    <div
                                        class="m-auto w-full min-w-[13.125rem] lg:pb-0 md:pb-8 text-center md:flex md:max-w-[25%] md:justify-center lg:min-w-full">
                                        <div class="relative overflow-hidden ImageSource_image__mca28"><span
                                                style="box-sizing:border-box;display:inline-block;overflow:hidden;width:initial;height:initial;background:none;opacity:1;border:0;margin:0;padding:0;position:relative;max-width:100%"><span
                                                    style="box-sizing:border-box;display:block;width:initial;height:initial;background:none;opacity:1;border:0;margin:0;padding:0;max-width:100%"><img
                                                        style="display:block;max-width:100%;width:initial;height:initial;background:none;opacity:1;border:0;margin:0;padding:0"
                                                        alt="" aria-hidden="true"
                                                        src="data:image/svg+xml,%3csvg%20xmlns=%27http://www.w3.org/2000/svg%27%20version=%271.1%27%20width=%27288%27%20height=%27288%27/%3e" /></span><img
                                                    alt="Können wir Ihnen helfen?" title="Können wir Ihnen helfen?"
                                                    aria-label="image"
                                                    src="data:image/gif;base64,R0lGODlhAQABAIAAAAAAAP///yH5BAEAAAAALAAAAAABAAEAAAIBRAA7"
                                                    decoding="async" data-nimg="intrinsic" class=" "
                                                    style="position:absolute;top:0;left:0;bottom:0;right:0;box-sizing:border-box;padding:0;border:none;margin:auto;display:block;width:0;height:0;min-width:100%;max-width:100%;min-height:100%;max-height:100%" /><noscript><img
                                                        alt="Können wir Ihnen helfen?" title="Können wir Ihnen helfen?"
                                                        aria-label="image" loading="lazy" decoding="async"
                                                        data-nimg="intrinsic"
                                                        style="position:absolute;top:0;left:0;bottom:0;right:0;box-sizing:border-box;padding:0;border:none;margin:auto;display:block;width:0;height:0;min-width:100%;max-width:100%;min-height:100%;max-height:100%"
                                                        class=" "
                                                        src="/new-web/assets/img/tc_lp.png" /></noscript></span><span
                                                data-testid="skeleton"
                                                class="Skeleton_skeletonbox__Ae1Fg Skeleton_skeletonAnimation__mxWPc"
                                                style="width:288px;height:288px;position:absolute"></span></div>
                                    </div>
                                    <div class="">
                                        <div class="m-0 text-xl font-semibold leading-2xl">Können wir Ihnen helfen?
                                        </div>
                                        <p class="mb-6 text-grey-1 text-sm">Lassen Sie sich kontaktlos von zuhause und
                                            unterwegs bei Deutschlands führender Telemedizin Plattform TeleClinic von
                                            qualifizierten Ärzten aus Deutschland behandeln.</p><a
                                            class="font-semibold md:inline-flex flex items-center justify-center rounded-lg cursor-pointer px-4 min-w-[6.5rem] h-12 select-none disabled:opacity-40 disabled:cursor-default gap-2 border border-solid border-trust-green bg-transparent text-trust-green hover:[&amp;:not(:disabled)]:bg-transparent hover:[&amp;:not(:disabled)]:border-balance-green hover:[&amp;:not(:disabled)]:text-balance-green focus:[&amp;:not(:disabled)]:bg-transparent focus:[&amp;:not(:disabled)]:border-balance-green focus:[&amp;:not(:disabled)]:text-trust-green w-full md:w-[10.438rem] lg:w-full"
                                            title="Zum Online Arzt" href="/online-arzt"><span class="">Zum Online
                                                Arzt</span></a>
                                    </div>
                                </div>
                            </div>
                            <div class="pb-8">
                                <div
                                    class="bg-extra-light-balance-green/[65] flex justify-center rounded-2xl p-8 lg:p-4">
                                    <div class="w-full md:max-w-[664px] lg:max-w-none">
                                        <h2
                                            class="font-base leading-xl mb-4 text-center text-xl font-semibold md:w-full">
                                            Wird gerne zusammen gekauft</h2>
                                        <div class="grid items-center md:grid-cols-[1fr_auto_1fr] lg:grid-cols-1">
                                            <div data-testid="base-product" class="h-full rounded-lg bg-white p-4"><span
                                                    class="font-base leading-base text-grey-1 m-0 mb-2 line-clamp-1 break-all text-center text-base font-semibold"
                                                    aria-label="Produktbezeichnung:"
                                                    title="Kytta Schmerzsalbe 150 g">Kytta Schmerzsalbe 150 g</span>
                                                <div class="text-grey-2 grid grid-cols-[48%_1fr] gap-[max(4px,_2.5%)]">
                                                    <div class="justify-self-end">
                                                        <div class="relative overflow-hidden ImageSource_image__mca28">
                                                            <span
                                                                style="box-sizing:border-box;display:inline-block;overflow:hidden;width:initial;height:initial;background:none;opacity:1;border:0;margin:0;padding:0;position:relative;max-width:100%"><span
                                                                    style="box-sizing:border-box;display:block;width:initial;height:initial;background:none;opacity:1;border:0;margin:0;padding:0;max-width:100%"><img
                                                                        style="display:block;max-width:100%;width:initial;height:initial;background:none;opacity:1;border:0;margin:0;padding:0"
                                                                        alt="" aria-hidden="true"
                                                                        src="data:image/svg+xml,%3csvg%20xmlns=%27http://www.w3.org/2000/svg%27%20version=%271.1%27%20width=%27114%27%20height=%27114%27/%3e" /></span><img
                                                                    alt="Produktabbildung: Kytta Schmerzsalbe 150 g"
                                                                    title="Produktabbildung: Kytta Schmerzsalbe 150 g"
                                                                    aria-label="image"
                                                                    src="data:image/gif;base64,R0lGODlhAQABAIAAAAAAAP///yH5BAEAAAAALAAAAAABAAEAAAIBRAA7"
                                                                    decoding="async" data-nimg="intrinsic" class=" "
                                                                    style="position:absolute;top:0;left:0;bottom:0;right:0;box-sizing:border-box;padding:0;border:none;margin:auto;display:block;width:0;height:0;min-width:100%;max-width:100%;min-height:100%;max-height:100%" /><noscript><img
                                                                        alt="Produktabbildung: Kytta Schmerzsalbe 150 g"
                                                                        title="Produktabbildung: Kytta Schmerzsalbe 150 g"
                                                                        aria-label="image" loading="lazy"
                                                                        decoding="async" data-nimg="intrinsic"
                                                                        style="position:absolute;top:0;left:0;bottom:0;right:0;box-sizing:border-box;padding:0;border:none;margin:auto;display:block;width:0;height:0;min-width:100%;max-width:100%;min-height:100%;max-height:100%"
                                                                        class=" "
                                                                        src="https://statics.docmorris.de/static/produkte/FX5UP389/docmorris/ps90r/kytta-schmerzsalbe-150-g-10832865-0-1720620118087441.jpg" /></noscript></span><span
                                                                data-testid="skeleton"
                                                                class="Skeleton_skeletonbox__Ae1Fg Skeleton_skeletonAnimation__mxWPc"
                                                                style="width:114px;height:114px;position:absolute"></span>
                                                        </div>
                                                    </div>
                                                    <div>
                                                        <div
                                                            class="leading-xl mb-2 line-clamp-2 text-xs [word-break:break-word]">
                                                            <span aria-label="Packungsgröße:">150 g • </span><span
                                                                title="Creme"
                                                                aria-label="Dosierung oder Art der Einnahme:">Creme</span>
                                                        </div>
                                                        <div class="leading-2xs w-full gap-1 text-left">
                                                            <div class="text-2xs whitespace-nowrap text-grey-2"
                                                                data-testid="recommended-retail-price"><span
                                                                    aria-hidden="true">UVP/AVP<!-- -->
                                                                </span><span><span class="sr-only">Ehemaliger Preis (U V
                                                                        P)<!-- -->:</span><span><s>27,99 €</s><span>*</span></span></span>
                                                            </div>
                                                            <div class="text-base text-grey-1 font-semibold whitespace-nowrap tracking-[0.58px]"
                                                                data-testid="sales-price"><span
                                                                    class="sr-only">Verkaufspreis<!-- -->:</span><span>18,99 €</span>
                                                            </div>
                                                        </div>
                                                        <div class="text-2xs whitespace-nowrap text-grey-2 tracking-[0.14px]"
                                                            data-testid="base-price"><span
                                                                class="sr-only">Grundpreis<!-- -->:</span><span>126,60
                                                                €/kg</span></div>
                                                    </div>
                                                </div>
                                            </div>
                                            <div class="mx-auto my-4 md:mx-4 lg:mx-auto"><svg viewBox="0 0 24 24"
                                                    fill="none" xmlns="http://www.w3.org/2000/svg" stroke="currentColor"
                                                    stroke-width="1.5" stroke-linecap="round" stroke-linejoin="round"
                                                    height="1rem" width="1rem" id="plus" aria-label="plus" role="img">
                                                    <path d="M21 12H3M12 3V21"></path>
                                                </svg></div><a class="h-full"
                                                href="/doc-ibuprofen-schmerzgel-5/07770675">
                                                <div data-testid="base-product" class="h-full rounded-lg bg-white p-4">
                                                    <span
                                                        class="font-base leading-base text-grey-1 m-0 mb-2 line-clamp-1 break-all text-center text-base font-semibold"
                                                        aria-label="Produktbezeichnung:"
                                                        title="DOC Ibuprofen Schmerzgel 5% 150 g">DOC Ibuprofen
                                                        Schmerzgel 5% 150 g</span>
                                                    <div
                                                        class="text-grey-2 grid grid-cols-[48%_1fr] gap-[max(4px,_2.5%)]">
                                                        <div class="justify-self-end">
                                                            <div
                                                                class="relative overflow-hidden ImageSource_image__mca28">
                                                                <span
                                                                    style="box-sizing:border-box;display:inline-block;overflow:hidden;width:initial;height:initial;background:none;opacity:1;border:0;margin:0;padding:0;position:relative;max-width:100%"><span
                                                                        style="box-sizing:border-box;display:block;width:initial;height:initial;background:none;opacity:1;border:0;margin:0;padding:0;max-width:100%"><img
                                                                            style="display:block;max-width:100%;width:initial;height:initial;background:none;opacity:1;border:0;margin:0;padding:0"
                                                                            alt="" aria-hidden="true"
                                                                            src="data:image/svg+xml,%3csvg%20xmlns=%27http://www.w3.org/2000/svg%27%20version=%271.1%27%20width=%27114%27%20height=%27114%27/%3e" /></span><img
                                                                        alt="Produktabbildung: DOC Ibuprofen Schmerzgel 5% 150 g"
                                                                        title="Produktabbildung: DOC Ibuprofen Schmerzgel 5% 150 g"
                                                                        aria-label="image"
                                                                        src="data:image/gif;base64,R0lGODlhAQABAIAAAAAAAP///yH5BAEAAAAALAAAAAABAAEAAAIBRAA7"
                                                                        decoding="async" data-nimg="intrinsic" class=" "
                                                                        style="position:absolute;top:0;left:0;bottom:0;right:0;box-sizing:border-box;padding:0;border:none;margin:auto;display:block;width:0;height:0;min-width:100%;max-width:100%;min-height:100%;max-height:100%" /><noscript><img
                                                                            alt="Produktabbildung: DOC Ibuprofen Schmerzgel 5% 150 g"
                                                                            title="Produktabbildung: DOC Ibuprofen Schmerzgel 5% 150 g"
                                                                            aria-label="image" loading="lazy"
                                                                            decoding="async" data-nimg="intrinsic"
                                                                            style="position:absolute;top:0;left:0;bottom:0;right:0;box-sizing:border-box;padding:0;border:none;margin:auto;display:block;width:0;height:0;min-width:100%;max-width:100%;min-height:100%;max-height:100%"
                                                                            class=" "
                                                                            src="https://statics.docmorris.de/static/produkte/FX5OPPPV/docmorris/ps90r/doc-ibuprofen-schmerzgel-5-150-g-07770675-0-1714031915659938.jpeg" /></noscript></span><span
                                                                    data-testid="skeleton"
                                                                    class="Skeleton_skeletonbox__Ae1Fg Skeleton_skeletonAnimation__mxWPc"
                                                                    style="width:114px;height:114px;position:absolute"></span>
                                                            </div>
                                                        </div>
                                                        <div>
                                                            <div
                                                                class="leading-xl mb-2 line-clamp-2 text-xs [word-break:break-word]">
                                                                <span aria-label="Packungsgröße:">150 g • </span><span
                                                                    title="Gel"
                                                                    aria-label="Dosierung oder Art der Einnahme:">Gel</span>
                                                            </div>
                                                            <div class="leading-2xs w-full gap-1 text-left">
                                                                <div class="text-2xs whitespace-nowrap text-grey-2"
                                                                    data-testid="recommended-retail-price"><span
                                                                        aria-hidden="true">UVP/AVP<!-- -->
                                                                    </span><span><span class="sr-only">Ehemaliger Preis
                                                                            (U V
                                                                            P)<!-- -->:</span><span><s>23,54 €</s><span>*</span></span></span>
                                                                </div>
                                                                <div class="text-base text-grey-1 font-semibold whitespace-nowrap tracking-[0.58px]"
                                                                    data-testid="sales-price"><span
                                                                        class="sr-only">Verkaufspreis<!-- -->:</span><span>16,99 €</span>
                                                                </div>
                                                            </div>
                                                            <div class="text-2xs whitespace-nowrap text-grey-2 tracking-[0.14px]"
                                                                data-testid="base-price"><span
                                                                    class="sr-only">Grundpreis<!-- -->:</span><span>113,27
                                                                    €/kg</span></div>
                                                        </div>
                                                    </div>
                                                </div>
                                            </a>
                                        </div>
                                        <div class="grid w-full grid-cols-[auto_1fr] pb-[10px] pt-4 text-right">
                                            <div data-testid="free-delivery-label"
                                                class="leading-xs text-grey-2 text-left text-xs">Gratis Versand</div>
                                            <div>
                                                <div class="whitespace-nowrap text-grey-2 text-xs leading-base"
                                                    data-testid="recommended-retail-price">
                                                    <span><span><s>51,53 €</s><span>*</span></span></span>
                                                </div>
                                            </div>
                                            <div
                                                class="font-base leading-sm text-grey-1 text-left text-sm font-semibold">
                                                Gesamtpreis</div>
                                            <div>
                                                <div class="text-grey-1 font-semibold whitespace-nowrap text-lg leading-xl tracking-[0.58px]"
                                                    data-testid="sales-price"><span
                                                        class="sr-only">Verkaufspreis<!-- -->:</span><span>35,98 €</span>
                                                </div>
                                            </div>
                                        </div><button aria-disabled="false" type="button"
                                            class="font-semibold md:inline-flex flex items-center justify-center rounded-lg cursor-pointer px-4 min-w-[6.5rem] h-12 select-none disabled:opacity-40 disabled:cursor-default gap-2 border border-solid border-trust-green bg-trust-green text-white hover:[&amp;:not(:disabled)]:bg-balance-green hover:[&amp;:not(:disabled)]:border-balance-green hover:[&amp;:not(:disabled)]:text-white focus:[&amp;:not(:disabled)]:bg-balance-green focus:[&amp;:not(:disabled)]:border-denim-blue focus:[&amp;:not(:disabled)]:text-white w-full"
                                            aria-label="Beide in den Warenkorb"><span class="">Beide in den
                                                Warenkorb</span></button>
                                    </div>
                                </div>
                            </div>
                        </div>
                    </div>
                    <div data-testid="pdp-faq">
                        <h2 class="text-5 font-base text-grey-1 font-semibold leading-normal">Fragen und Antworten
                            zu<!-- --> <!-- -->Kytta Schmerzsalbe 150 g</h2>
                        <p class="mb-6">Hier beantwortet unser pharmazeutisches Team die häufigsten Fragen zum Produkt.
                        </p>
                        <div class="AccordionItem_accordionItem__Ypf9f">
                            <section aria-label="Wie lange darf ich Kytta® Schmerzsalbe anwenden?">
                                <div><button aria-controls="WielangedarfichKyttaSchmerzsalbeanwenden-content"
                                        aria-expanded="false"
                                        aria-label="Wie lange darf ich Kytta® Schmerzsalbe anwenden? Weniger anzeigen"
                                        class="AccordionItem_arrowButton__Vl3Mu bg-grey-6 p-4"
                                        title="ändert die Sichtbarkeit des Inhalts">
                                        <h3 class="AccordionItem_header__sa1_z">Wie lange darf ich Kytta® Schmerzsalbe
                                            anwenden?</h3><svg xmlns="http://www.w3.org/2000/svg" viewBox="0 0 24 24"
                                            class="AccordionItem_icon__0FJ1c" id="button-down" aria-label="button-down"
                                            role="img">
                                            <path fill="none" stroke="currentColor" stroke-linecap="round"
                                                stroke-linejoin="round" stroke-width="1.5" d="m21 7.5-9 9-9-9"></path>
                                        </svg>
                                    </button></div>
                                <div data-testid="accordion-item-content"
                                    id="WielangedarfichKyttaSchmerzsalbeanwenden-content" role="region"
                                    aria-label="Wie lange darf ich Kytta® Schmerzsalbe anwenden?" aria-hidden="true"
                                    class="AccordionItem_accordionContent__0eJlc p-2 md:p-4" hidden="">
                                    <span>&lt;p&gt;Die Anwendungsdauer bei Erwachsenen richtet sich nach den Symptomen
                                        und der zugrundeliegenden Erkrankung. 10 Tage bei akuten Myalgien im Bereich des
                                        Rückens, Verstauchungen, Prellungen, Zerrungen und bis zu 3 Wochen bei
                                        Kniegelenksarthrose.&lt;/p&gt;</span>
                                </div>
                            </section>
                        </div>
                        <div class="AccordionItem_accordionItem__Ypf9f">
                            <section aria-label="Wofür kann ich Kytta® Schmerzsalbe anwenden?">
                                <div><button aria-controls="WofrkannichKyttaSchmerzsalbeanwenden-content"
                                        aria-expanded="false"
                                        aria-label="Wofür kann ich Kytta® Schmerzsalbe anwenden? Weniger anzeigen"
                                        class="AccordionItem_arrowButton__Vl3Mu bg-grey-6 p-4"
                                        title="ändert die Sichtbarkeit des Inhalts">
                                        <h3 class="AccordionItem_header__sa1_z">Wofür kann ich Kytta® Schmerzsalbe
                                            anwenden?</h3><svg xmlns="http://www.w3.org/2000/svg" viewBox="0 0 24 24"
                                            class="AccordionItem_icon__0FJ1c" id="button-down" aria-label="button-down"
                                            role="img">
                                            <path fill="none" stroke="currentColor" stroke-linecap="round"
                                                stroke-linejoin="round" stroke-width="1.5" d="m21 7.5-9 9-9-9"></path>
                                        </svg>
                                    </button></div>
                                <div data-testid="accordion-item-content"
                                    id="WofrkannichKyttaSchmerzsalbeanwenden-content" role="region"
                                    aria-label="Wofür kann ich Kytta® Schmerzsalbe anwenden?" aria-hidden="true"
                                    class="AccordionItem_accordionContent__0eJlc p-2 md:p-4" hidden="">
                                    <span>&lt;p&gt;Kytta® Schmerzsalbe hat mehrere zugelassene
                                        Anwendungsgebiete:&lt;/p&gt;&lt;ul&gt;&lt;li&gt;&lt;p&gt;Akute Muskelschmerzen
                                        im Rückenbereich&lt;/p&gt;&lt;/li&gt;&lt;li&gt;&lt;p&gt;Schmerzen und
                                        Schwellungen bei
                                        Kniegelenksarthrose&lt;/p&gt;&lt;/li&gt;&lt;li&gt;&lt;p&gt;Zerrungen nach
                                        Sportverletzungen&lt;/p&gt;&lt;/li&gt;&lt;li&gt;&lt;p&gt;Prellungen nach
                                        Unfallverletzungen&lt;/p&gt;&lt;/li&gt;&lt;li&gt;&lt;p&gt;Verstauchungen nach
                                        Sport- und Unfallverletzungen&lt;/p&gt;&lt;/li&gt;&lt;/ul&gt;</span>
                                </div>
                            </section>
                        </div>
                        <div class="AccordionItem_accordionItem__Ypf9f">
                            <section
                                aria-label="Die Salbe färbt auf meine Kleidung ab, warum ist das so und was kann ich tun?">
                                <div><button
                                        aria-controls="DieSalbefrbtaufmeineKleidungabwarumistdassoundwaskannichtun-content"
                                        aria-expanded="false"
                                        aria-label="Die Salbe färbt auf meine Kleidung ab, warum ist das so und was kann ich tun? Weniger anzeigen"
                                        class="AccordionItem_arrowButton__Vl3Mu bg-grey-6 p-4"
                                        title="ändert die Sichtbarkeit des Inhalts">
                                        <h3 class="AccordionItem_header__sa1_z">Die Salbe färbt auf meine Kleidung ab,
                                            warum ist das so und was kann ich tun?</h3><svg
                                            xmlns="http://www.w3.org/2000/svg" viewBox="0 0 24 24"
                                            class="AccordionItem_icon__0FJ1c" id="button-down" aria-label="button-down"
                                            role="img">
                                            <path fill="none" stroke="currentColor" stroke-linecap="round"
                                                stroke-linejoin="round" stroke-width="1.5" d="m21 7.5-9 9-9-9"></path>
                                        </svg>
                                    </button></div>
                                <div data-testid="accordion-item-content"
                                    id="DieSalbefrbtaufmeineKleidungabwarumistdassoundwaskannichtun-content"
                                    role="region"
                                    aria-label="Die Salbe färbt auf meine Kleidung ab, warum ist das so und was kann ich tun?"
                                    aria-hidden="true" class="AccordionItem_accordionContent__0eJlc p-2 md:p-4"
                                    hidden=""><span>&lt;p&gt;Die bräunliche Farbe der Kytta® Schmerzsalbe kommt von
                                        ihrem pflanzlichen Wirkstoff, deshalb hat sie keine rein weiße Farbe, wie einige
                                        chemische Salben und Gele. Die in den Pflanzeninhaltsstoffen enthaltenen
                                        Gerbstoffe können auf der Kleidung unter Umständen zu Verfärbungen
                                        führen.&lt;/p&gt;&lt;p&gt;&lt;/p&gt;&lt;p&gt;Achten Sie darauf, die Salbe
                                        vollständig einziehen zu lassen, bei stärkeren Schmerzen können Sie einen
                                        Salbenverband anlegen. Sollten dennoch Flecken auf Ihrer Kleidung entstehen,
                                        achten Sie darauf, die Kleidung sofort zu waschen, und den Fleck nicht
                                        eintrocknen zu lassen. Somit kann der Fleck rasch entfernt
                                        werden.&lt;/p&gt;</span></div>
                            </section>
                        </div>
                    </div>
                    <div>
                        <div class="border-b-grey-5 w-full border-b" style="height:32px"></div>
                        <div style="height:32px"></div>
                    </div>
                    <div class="min-h-[420px] px-2">
                        <h2 class="php-2 text-grey-1 pb-4">Produkte, die Ihnen gefallen könnten</h2>
                        <div class="splide dm--carousel">
                            <div class="splide__track">
                                <ul class="splide__list">
                                    <li class="splide__slide">
                                        <div class="mx-5 mb-6 mt-4 max-w-[226px]">
                                            <div class="h-full"><a data-testid="product-card-sponsored"
                                                    aria-label="Magnesium-Diasporal 400 EXTRA 100 St"
                                                    class="hover:shadow-card relative flex h-full max-w-full cursor-pointer flex-col rounded-lg px-4 pb-2 hover:outline-transparent focus:outline-transparent sm:pt-2"
                                                    href="/magnesiumdiasporal-400-extra-100-st/10192609">
                                                    <div data-testid="product-details"
                                                        class="relative flex flex-col justify-between pt-4">
                                                        <div class="flex justify-center">
                                                            <div
                                                                class="relative overflow-hidden ImageSource_image__mca28">
                                                                <span
                                                                    style="box-sizing:border-box;display:inline-block;overflow:hidden;width:initial;height:initial;background:none;opacity:1;border:0;margin:0;padding:0;position:relative;max-width:100%"><span
                                                                        style="box-sizing:border-box;display:block;width:initial;height:initial;background:none;opacity:1;border:0;margin:0;padding:0;max-width:100%"><img
                                                                            style="display:block;max-width:100%;width:initial;height:initial;background:none;opacity:1;border:0;margin:0;padding:0"
                                                                            alt="" aria-hidden="true"
                                                                            src="data:image/svg+xml,%3csvg%20xmlns=%27http://www.w3.org/2000/svg%27%20version=%271.1%27%20width=%27180%27%20height=%27180%27/%3e" /></span><img
                                                                        alt="Magnesium-Diasporal 400 EXTRA 100 St"
                                                                        title="Magnesium-Diasporal 400 EXTRA 100 St"
                                                                        aria-label="image"
                                                                        src="data:image/gif;base64,R0lGODlhAQABAIAAAAAAAP///yH5BAEAAAAALAAAAAABAAEAAAIBRAA7"
                                                                        decoding="async" data-nimg="intrinsic" class=" "
                                                                        style="position:absolute;top:0;left:0;bottom:0;right:0;box-sizing:border-box;padding:0;border:none;margin:auto;display:block;width:0;height:0;min-width:100%;max-width:100%;min-height:100%;max-height:100%" /><noscript><img
                                                                            alt="Magnesium-Diasporal 400 EXTRA 100 St"
                                                                            title="Magnesium-Diasporal 400 EXTRA 100 St"
                                                                            aria-label="image" loading="lazy"
                                                                            decoding="async" data-nimg="intrinsic"
                                                                            style="position:absolute;top:0;left:0;bottom:0;right:0;box-sizing:border-box;padding:0;border:none;margin:auto;display:block;width:0;height:0;min-width:100%;max-width:100%;min-height:100%;max-height:100%"
                                                                            class=" "
                                                                            src="https://statics.docmorris.de/static/produkte/FX5KRH16/docmorris/ps1000/magnesium-diasporal-400-extra-100-st-10192609-0-1714036460341053.jpeg" /></noscript></span><span
                                                                    data-testid="skeleton"
                                                                    class="Skeleton_skeletonbox__Ae1Fg Skeleton_skeletonAnimation__mxWPc"
                                                                    style="width:180px;height:180px;position:absolute"></span>
                                                            </div>
                                                        </div>
                                                    </div>
                                                    <div class="relative flex min-w-0 flex-1 flex-col">
                                                        <div class="flex flex-col justify-between">
                                                            <p data-testid="product-name"
                                                                title="Magnesium-Diasporal 400 EXTRA 100 St"
                                                                class="text-grey-1 hover:text-grey-1 focus:text-grey-1 mb-0 line-clamp-2 h-[3.125rem] max-w-[13rem] break-words text-base font-semibold leading-6 focus-within:no-underline focus-within:outline-transparent focus:underline">
                                                                Magnesium-Diasporal 400 EXTRA 100 St</p>
                                                            <div
                                                                class="leading-2xl text-grey-2 h-[1.125rem] truncate text-xs font-semibold">
                                                                <span>100 St</span><span> • <!-- -->Kapseln</span>
                                                            </div>
                                                            <div title="Protina Pharmazeutische GmbH"
                                                                class="text-grey-2 w-[95%] overflow-hidden truncate text-xs font-semibold leading-5">
                                                                <span>Protina Pharmazeutische GmbH</span>
                                                            </div>
                                                            <div class="bold flex h-5 items-center text-sm">
                                                                <div class="rating-stars_ratingStars__0zPR5">
                                                                    <div title="Magnesium-Diasporal 400 EXTRA 100 St rating"
                                                                        class="rating-stars_stars__TQWHl"><svg
                                                                            xmlns="http://www.w3.org/2000/svg"
                                                                            viewBox="0 0 100 100" width="1rem"
                                                                            id="LEGACY_star-100-percent"
                                                                            aria-label="LEGACY_star-100-percent"
                                                                            role="img">
                                                                            <path fill="currentColor"
                                                                                d="m98 39.373-34.162-2.9L50.502 4.995l-13.34 31.486L3 39.381 28.933 61.85l-7.792 33.39 29.36-17.718 29.36 17.718-7.792-33.4z">
                                                                            </path>
                                                                        </svg><svg xmlns="http://www.w3.org/2000/svg"
                                                                            viewBox="0 0 100 100" width="1rem"
                                                                            id="LEGACY_star-100-percent"
                                                                            aria-label="LEGACY_star-100-percent"
                                                                            role="img">
                                                                            <path fill="currentColor"
                                                                                d="m98 39.373-34.162-2.9L50.502 4.995l-13.34 31.486L3 39.381 28.933 61.85l-7.792 33.39 29.36-17.718 29.36 17.718-7.792-33.4z">
                                                                            </path>
                                                                        </svg><svg xmlns="http://www.w3.org/2000/svg"
                                                                            viewBox="0 0 100 100" width="1rem"
                                                                            id="LEGACY_star-100-percent"
                                                                            aria-label="LEGACY_star-100-percent"
                                                                            role="img">
                                                                            <path fill="currentColor"
                                                                                d="m98 39.373-34.162-2.9L50.502 4.995l-13.34 31.486L3 39.381 28.933 61.85l-7.792 33.39 29.36-17.718 29.36 17.718-7.792-33.4z">
                                                                            </path>
                                                                        </svg><svg xmlns="http://www.w3.org/2000/svg"
                                                                            viewBox="0 0 100 100" width="1rem"
                                                                            id="LEGACY_star-100-percent"
                                                                            aria-label="LEGACY_star-100-percent"
                                                                            role="img">
                                                                            <path fill="currentColor"
                                                                                d="m98 39.373-34.162-2.9L50.502 4.995l-13.34 31.486L3 39.381 28.933 61.85l-7.792 33.39 29.36-17.718 29.36 17.718-7.792-33.4z">
                                                                            </path>
                                                                        </svg><svg xmlns="http://www.w3.org/2000/svg"
                                                                            viewBox="0 0 100 100" width="1rem"
                                                                            id="LEGACY_star-100-percent"
                                                                            aria-label="LEGACY_star-100-percent"
                                                                            role="img">
                                                                            <path fill="currentColor"
                                                                                d="m98 39.373-34.162-2.9L50.502 4.995l-13.34 31.486L3 39.381 28.933 61.85l-7.792 33.39 29.36-17.718 29.36 17.718-7.792-33.4z">
                                                                            </path>
                                                                        </svg></div>
                                                                    <div><span
                                                                            class="leading-xl ml-1 text-sm">(<!-- -->57<!-- -->)</span>
                                                                    </div>
                                                                </div>
                                                            </div>
                                                            <div class="mt-2 md:mt-4">
                                                                <div class="h-4 w-[60%]"></div>
                                                                <div class="flex pb-4">
                                                                    <div class="mr-1">
                                                                        <div><span class="sr-only">Rabattstempel</span>
                                                                            <div
                                                                                class="flex items-center justify-center text-right whitespace-nowrap select-none rounded leading-2xl min-w-[2.5rem] max-w-[17.5rem] bg-magenta text-white">
                                                                                <div role="status"
                                                                                    class="inline-flex items-center text-xs px-2 py-1 font-semibold">
                                                                                    <span>-36%</span>
                                                                                </div>
                                                                            </div>
                                                                        </div>
                                                                    </div>
                                                                    <div class="flex text-grey-1 whitespace-nowrap leading-price text-[1.625rem] mt-[0.125rem]"
                                                                        data-testid="sales-price"><span
                                                                            class="sr-only">Verkaufspreis<!-- -->:<span>25,39 €</span></span><span
                                                                            aria-hidden="true"
                                                                            class="font-bold">25<!-- -->,</span>
                                                                        <div class="flex flex-col justify-between"><sup
                                                                                aria-hidden="true"
                                                                                class="top-0 -translate-x-[0.5em] text-[45%] font-bold leading-none">39 €</sup>
                                                                            <div class="translate-y-[10%] pl-1">
                                                                                <div class="text-2xs leading-4xl whitespace-nowrap text-grey-2 tracking-[0.14px]"
                                                                                    data-testid="base-price"><span
                                                                                        class="sr-only">Grundpreis<!-- -->:</span><span>0,31
                                                                                        €/St</span></div>
                                                                            </div>
                                                                        </div>
                                                                    </div>
                                                                </div>
                                                                <div
                                                                    class="h-4 font-base text-2xs leading-5xl text-grey-2">
                                                                </div>
                                                                <div class="mt-3">
                                                                    <div class="flex text-center w-full"
                                                                        data-testid="add-to-cart-cta"><button
                                                                            aria-disabled="false" type="button"
                                                                            data-testid="add_to_cart_button"
                                                                            class="font-semibold md:inline-flex flex items-center justify-center rounded-lg cursor-pointer px-4 min-w-[6.5rem] h-12 select-none disabled:opacity-40 disabled:cursor-default gap-2 border border-solid border-trust-green bg-transparent text-trust-green hover:[&amp;:not(:disabled)]:bg-transparent hover:[&amp;:not(:disabled)]:border-balance-green hover:[&amp;:not(:disabled)]:text-balance-green focus:[&amp;:not(:disabled)]:bg-transparent focus:[&amp;:not(:disabled)]:border-balance-green focus:[&amp;:not(:disabled)]:text-trust-green w-full"
                                                                            aria-label="In den Warenkorb"><span
                                                                                class="">In den
                                                                                Warenkorb</span></button></div>
                                                                </div>
                                                            </div>
                                                        </div>
                                                        <div
                                                            class="mt-1 text-right font-base text-2xs leading-5xl text-grey-2">
                                                            Gesponsert</div>
                                                    </div>
                                                </a></div>
                                        </div>
                                    </li>
                                    <li class="splide__slide">
                                        <div class="mx-5 mb-6 mt-4 max-w-[226px]">
                                            <div class="h-full"><a data-testid="product-card-sponsored"
                                                    aria-label="Thomapyrin TENSION DUO 2X12 St"
                                                    class="hover:shadow-card relative flex h-full max-w-full cursor-pointer flex-col rounded-lg px-4 pb-2 hover:outline-transparent focus:outline-transparent sm:pt-2"
                                                    href="/thomapyrin-tension-duo-2x12-st/80028314">
                                                    <div data-testid="product-details"
                                                        class="relative flex flex-col justify-between pt-4">
                                                        <div class="flex justify-center">
                                                            <div
                                                                class="relative overflow-hidden ImageSource_image__mca28">
                                                                <span
                                                                    style="box-sizing:border-box;display:inline-block;overflow:hidden;width:initial;height:initial;background:none;opacity:1;border:0;margin:0;padding:0;position:relative;max-width:100%"><span
                                                                        style="box-sizing:border-box;display:block;width:initial;height:initial;background:none;opacity:1;border:0;margin:0;padding:0;max-width:100%"><img
                                                                            style="display:block;max-width:100%;width:initial;height:initial;background:none;opacity:1;border:0;margin:0;padding:0"
                                                                            alt="" aria-hidden="true"
                                                                            src="data:image/svg+xml,%3csvg%20xmlns=%27http://www.w3.org/2000/svg%27%20version=%271.1%27%20width=%27180%27%20height=%27180%27/%3e" /></span><img
                                                                        alt="Thomapyrin TENSION DUO 2X12 St"
                                                                        title="Thomapyrin TENSION DUO 2X12 St"
                                                                        aria-label="image"
                                                                        src="data:image/gif;base64,R0lGODlhAQABAIAAAAAAAP///yH5BAEAAAAALAAAAAABAAEAAAIBRAA7"
                                                                        decoding="async" data-nimg="intrinsic" class=" "
                                                                        style="position:absolute;top:0;left:0;bottom:0;right:0;box-sizing:border-box;padding:0;border:none;margin:auto;display:block;width:0;height:0;min-width:100%;max-width:100%;min-height:100%;max-height:100%" /><noscript><img
                                                                            alt="Thomapyrin TENSION DUO 2X12 St"
                                                                            title="Thomapyrin TENSION DUO 2X12 St"
                                                                            aria-label="image" loading="lazy"
                                                                            decoding="async" data-nimg="intrinsic"
                                                                            style="position:absolute;top:0;left:0;bottom:0;right:0;box-sizing:border-box;padding:0;border:none;margin:auto;display:block;width:0;height:0;min-width:100%;max-width:100%;min-height:100%;max-height:100%"
                                                                            class=" "
                                                                            src="https://statics.docmorris.de/static/produkte/CX06F14L/docmorris/ps1000/thomapyrin-tension-duo-2x12-st-80028314-default-1714112490863304.jpeg" /></noscript></span><span
                                                                    data-testid="skeleton"
                                                                    class="Skeleton_skeletonbox__Ae1Fg Skeleton_skeletonAnimation__mxWPc"
                                                                    style="width:180px;height:180px;position:absolute"></span>
                                                            </div>
                                                        </div>
                                                    </div>
                                                    <div class="relative flex min-w-0 flex-1 flex-col">
                                                        <div class="flex flex-col justify-between">
                                                            <p data-testid="product-name"
                                                                title="Thomapyrin TENSION DUO 2X12 St"
                                                                class="text-grey-1 hover:text-grey-1 focus:text-grey-1 mb-0 line-clamp-2 h-[3.125rem] max-w-[13rem] break-words text-base font-semibold leading-6 focus-within:no-underline focus-within:outline-transparent focus:underline">
                                                                Thomapyrin TENSION DUO 2X12 St</p>
                                                            <div
                                                                class="leading-2xl text-grey-2 h-[1.125rem] truncate text-xs font-semibold">
                                                                <span>24 St</span>
                                                            </div>
                                                            <div title="A. Nattermann &amp; Cie GmbH"
                                                                class="text-grey-2 w-[95%] overflow-hidden truncate text-xs font-semibold leading-5">
                                                                <span>A. Nattermann &amp; Cie GmbH</span>
                                                            </div>
                                                            <div class="bold flex h-5 items-center text-sm">
                                                                <div class="rating-stars_ratingStars__0zPR5">
                                                                    <div title="Thomapyrin TENSION DUO 2X12 St rating"
                                                                        class="rating-stars_stars__TQWHl"><svg
                                                                            xmlns="http://www.w3.org/2000/svg"
                                                                            viewBox="0 0 100 100" width="1rem"
                                                                            id="LEGACY_star-100-percent"
                                                                            aria-label="LEGACY_star-100-percent"
                                                                            role="img">
                                                                            <path fill="currentColor"
                                                                                d="m98 39.373-34.162-2.9L50.502 4.995l-13.34 31.486L3 39.381 28.933 61.85l-7.792 33.39 29.36-17.718 29.36 17.718-7.792-33.4z">
                                                                            </path>
                                                                        </svg><svg xmlns="http://www.w3.org/2000/svg"
                                                                            viewBox="0 0 100 100" width="1rem"
                                                                            id="LEGACY_star-100-percent"
                                                                            aria-label="LEGACY_star-100-percent"
                                                                            role="img">
                                                                            <path fill="currentColor"
                                                                                d="m98 39.373-34.162-2.9L50.502 4.995l-13.34 31.486L3 39.381 28.933 61.85l-7.792 33.39 29.36-17.718 29.36 17.718-7.792-33.4z">
                                                                            </path>
                                                                        </svg><svg xmlns="http://www.w3.org/2000/svg"
                                                                            viewBox="0 0 100 100" width="1rem"
                                                                            id="LEGACY_star-100-percent"
                                                                            aria-label="LEGACY_star-100-percent"
                                                                            role="img">
                                                                            <path fill="currentColor"
                                                                                d="m98 39.373-34.162-2.9L50.502 4.995l-13.34 31.486L3 39.381 28.933 61.85l-7.792 33.39 29.36-17.718 29.36 17.718-7.792-33.4z">
                                                                            </path>
                                                                        </svg><svg xmlns="http://www.w3.org/2000/svg"
                                                                            viewBox="0 0 100 100" width="1rem"
                                                                            id="LEGACY_star-100-percent"
                                                                            aria-label="LEGACY_star-100-percent"
                                                                            role="img">
                                                                            <path fill="currentColor"
                                                                                d="m98 39.373-34.162-2.9L50.502 4.995l-13.34 31.486L3 39.381 28.933 61.85l-7.792 33.39 29.36-17.718 29.36 17.718-7.792-33.4z">
                                                                            </path>
                                                                        </svg><svg xmlns="http://www.w3.org/2000/svg"
                                                                            viewBox="0 0 100 100" width="1rem"
                                                                            id="LEGACY_star-75-percent"
                                                                            aria-label="LEGACY_star-75-percent"
                                                                            role="img">
                                                                            <defs>
                                                                                <clipPath id="a">
                                                                                    <path fill="none"
                                                                                        d="M60.841 31.473 47.5 0 34.159 31.473 0 34.373l25.933 22.464-7.793 33.4L47.5 72.516l29.357 17.718-7.79-33.394L95 34.376z">
                                                                                    </path>
                                                                                </clipPath>
                                                                            </defs>
                                                                            <path fill="currentColor"
                                                                                d="M50.5 15.683 60 38.102l.979 2.315 2.5.211L87.8 42.693l-18.469 16-1.9 1.646.574 2.45 5.548 23.775-20.906-12.615-2.152-1.3-2.152 1.3-20.9 12.615 5.548-23.775.571-2.45-1.9-1.646-18.467-16 24.318-2.065 2.5-.211.982-2.315 9.5-22.419m0-10.679L37.157 36.477l-34.162 2.9 25.933 22.464-7.79 33.4L50.495 77.52l29.36 17.718-7.793-33.394L97.995 39.38l-34.162-2.9L50.495 5.007z">
                                                                            </path>
                                                                            <g clip-path="url(#a)"
                                                                                transform="translate(3 5.001)">
                                                                                <path fill="currentColor"
                                                                                    d="M-39.425-24.155h97.408V96.303h-97.408z">
                                                                                </path>
                                                                            </g>
                                                                        </svg></div>
                                                                    <div><span
                                                                            class="leading-xl ml-1 text-sm">(<!-- -->141<!-- -->)</span>
                                                                    </div>
                                                                </div>
                                                            </div>
                                                            <div class="mt-2 md:mt-4">
                                                                <div class="h-4 w-[60%]"></div>
                                                                <div class="flex pb-4">
                                                                    <div class="mr-1">
                                                                        <div><span class="sr-only">Rabattstempel</span>
                                                                            <div
                                                                                class="flex items-center justify-center text-right whitespace-nowrap select-none rounded leading-2xl min-w-[2.5rem] max-w-[17.5rem] bg-magenta text-white">
                                                                                <div role="status"
                                                                                    class="inline-flex items-center text-xs px-2 py-1 font-semibold">
                                                                                    <span>-34%</span>
                                                                                </div>
                                                                            </div>
                                                                        </div>
                                                                    </div>
                                                                    <div class="flex text-grey-1 whitespace-nowrap leading-price text-[1.625rem] mt-[0.125rem]"
                                                                        data-testid="sales-price"><span
                                                                            class="sr-only">Verkaufspreis<!-- -->:<span>9,89 €</span></span><span
                                                                            aria-hidden="true"
                                                                            class="font-bold">9<!-- -->,</span>
                                                                        <div class="flex flex-col justify-between"><sup
                                                                                aria-hidden="true"
                                                                                class="top-0 -translate-x-[0.5em] text-[45%] font-bold leading-none">89 €</sup>
                                                                            <div class="translate-y-[10%] pl-1">
                                                                                <div class="text-2xs leading-4xl whitespace-nowrap text-grey-2 tracking-[0.14px]"
                                                                                    data-testid="base-price"><span
                                                                                        class="sr-only">Grundpreis<!-- -->:</span><span>0,41
                                                                                        €/St</span></div>
                                                                            </div>
                                                                        </div>
                                                                    </div>
                                                                </div>
                                                                <div
                                                                    class="h-4 font-base text-2xs leading-5xl text-grey-2">
                                                                </div>
                                                                <div class="mt-3">
                                                                    <div class="flex text-center w-full"
                                                                        data-testid="add-to-cart-cta"><button
                                                                            aria-disabled="false" type="button"
                                                                            data-testid="add_to_cart_button"
                                                                            class="font-semibold md:inline-flex flex items-center justify-center rounded-lg cursor-pointer px-4 min-w-[6.5rem] h-12 select-none disabled:opacity-40 disabled:cursor-default gap-2 border border-solid border-trust-green bg-transparent text-trust-green hover:[&amp;:not(:disabled)]:bg-transparent hover:[&amp;:not(:disabled)]:border-balance-green hover:[&amp;:not(:disabled)]:text-balance-green focus:[&amp;:not(:disabled)]:bg-transparent focus:[&amp;:not(:disabled)]:border-balance-green focus:[&amp;:not(:disabled)]:text-trust-green w-full"
                                                                            aria-label="In den Warenkorb"><span
                                                                                class="">In den
                                                                                Warenkorb</span></button></div>
                                                                </div>
                                                            </div>
                                                        </div>
                                                        <div
                                                            class="mt-1 text-right font-base text-2xs leading-5xl text-grey-2">
                                                            Gesponsert</div>
                                                    </div>
                                                </a></div>
                                        </div>
                                    </li>
                                    <li class="splide__slide">
                                        <div class="mx-5 mb-6 mt-4 max-w-[226px]">
                                            <div class="h-full"><a data-testid="product-card-sponsored"
                                                    aria-label="Dr. Böhm Gelenke&amp;Knorpel 60 St"
                                                    class="hover:shadow-card relative flex h-full max-w-full cursor-pointer flex-col rounded-lg px-4 pb-2 hover:outline-transparent focus:outline-transparent sm:pt-2"
                                                    href="/dr-boehm-gelenkeknorpel-60-st/15398072">
                                                    <div data-testid="product-details"
                                                        class="relative flex flex-col justify-between pt-4">
                                                        <div class="flex justify-center">
                                                            <div
                                                                class="relative overflow-hidden ImageSource_image__mca28">
                                                                <span
                                                                    style="box-sizing:border-box;display:inline-block;overflow:hidden;width:initial;height:initial;background:none;opacity:1;border:0;margin:0;padding:0;position:relative;max-width:100%"><span
                                                                        style="box-sizing:border-box;display:block;width:initial;height:initial;background:none;opacity:1;border:0;margin:0;padding:0;max-width:100%"><img
                                                                            style="display:block;max-width:100%;width:initial;height:initial;background:none;opacity:1;border:0;margin:0;padding:0"
                                                                            alt="" aria-hidden="true"
                                                                            src="data:image/svg+xml,%3csvg%20xmlns=%27http://www.w3.org/2000/svg%27%20version=%271.1%27%20width=%27180%27%20height=%27180%27/%3e" /></span><img
                                                                        alt="Dr. Böhm Gelenke&amp;Knorpel 60 St"
                                                                        title="Dr. Böhm Gelenke&amp;Knorpel 60 St"
                                                                        aria-label="image"
                                                                        src="data:image/gif;base64,R0lGODlhAQABAIAAAAAAAP///yH5BAEAAAAALAAAAAABAAEAAAIBRAA7"
                                                                        decoding="async" data-nimg="intrinsic" class=" "
                                                                        style="position:absolute;top:0;left:0;bottom:0;right:0;box-sizing:border-box;padding:0;border:none;margin:auto;display:block;width:0;height:0;min-width:100%;max-width:100%;min-height:100%;max-height:100%" /><noscript><img
                                                                            alt="Dr. Böhm Gelenke&amp;Knorpel 60 St"
                                                                            title="Dr. Böhm Gelenke&amp;Knorpel 60 St"
                                                                            aria-label="image" loading="lazy"
                                                                            decoding="async" data-nimg="intrinsic"
                                                                            style="position:absolute;top:0;left:0;bottom:0;right:0;box-sizing:border-box;padding:0;border:none;margin:auto;display:block;width:0;height:0;min-width:100%;max-width:100%;min-height:100%;max-height:100%"
                                                                            class=" "
                                                                            src="https://statics.docmorris.de/static/produkte/LGMMC4K3/docmorris/ps1000/dr-boehm-gelenke-knorpel-60-st-15398072-0-1714049936780084.jpeg" /></noscript></span><span
                                                                    data-testid="skeleton"
                                                                    class="Skeleton_skeletonbox__Ae1Fg Skeleton_skeletonAnimation__mxWPc"
                                                                    style="width:180px;height:180px;position:absolute"></span>
                                                            </div>
                                                        </div>
                                                    </div>
                                                    <div class="relative flex min-w-0 flex-1 flex-col">
                                                        <div class="flex flex-col justify-between">
                                                            <p data-testid="product-name"
                                                                title="Dr. Böhm Gelenke&amp;Knorpel 60 St"
                                                                class="text-grey-1 hover:text-grey-1 focus:text-grey-1 mb-0 line-clamp-2 h-[3.125rem] max-w-[13rem] break-words text-base font-semibold leading-6 focus-within:no-underline focus-within:outline-transparent focus:underline">
                                                                Dr. Böhm Gelenke&amp;Knorpel 60 St</p>
                                                            <div
                                                                class="leading-2xl text-grey-2 h-[1.125rem] truncate text-xs font-semibold">
                                                                <span>60 St</span><span> • <!-- -->Filmtabletten</span>
                                                            </div>
                                                            <div title="Apomedica Pharmazeutische Produkte GmbH"
                                                                class="text-grey-2 w-[95%] overflow-hidden truncate text-xs font-semibold leading-5">
                                                                <span>Apomedica Pharmazeutische Produkte GmbH</span>
                                                            </div>
                                                            <div class="bold flex h-5 items-center text-sm">
                                                                <div class="rating-stars_ratingStars__0zPR5">
                                                                    <div title="Dr. Böhm Gelenke&amp;Knorpel 60 St rating"
                                                                        class="rating-stars_stars__TQWHl"><svg
                                                                            xmlns="http://www.w3.org/2000/svg"
                                                                            viewBox="0 0 100 100" width="1rem"
                                                                            id="LEGACY_star-100-percent"
                                                                            aria-label="LEGACY_star-100-percent"
                                                                            role="img">
                                                                            <path fill="currentColor"
                                                                                d="m98 39.373-34.162-2.9L50.502 4.995l-13.34 31.486L3 39.381 28.933 61.85l-7.792 33.39 29.36-17.718 29.36 17.718-7.792-33.4z">
                                                                            </path>
                                                                        </svg><svg xmlns="http://www.w3.org/2000/svg"
                                                                            viewBox="0 0 100 100" width="1rem"
                                                                            id="LEGACY_star-100-percent"
                                                                            aria-label="LEGACY_star-100-percent"
                                                                            role="img">
                                                                            <path fill="currentColor"
                                                                                d="m98 39.373-34.162-2.9L50.502 4.995l-13.34 31.486L3 39.381 28.933 61.85l-7.792 33.39 29.36-17.718 29.36 17.718-7.792-33.4z">
                                                                            </path>
                                                                        </svg><svg xmlns="http://www.w3.org/2000/svg"
                                                                            viewBox="0 0 100 100" width="1rem"
                                                                            id="LEGACY_star-100-percent"
                                                                            aria-label="LEGACY_star-100-percent"
                                                                            role="img">
                                                                            <path fill="currentColor"
                                                                                d="m98 39.373-34.162-2.9L50.502 4.995l-13.34 31.486L3 39.381 28.933 61.85l-7.792 33.39 29.36-17.718 29.36 17.718-7.792-33.4z">
                                                                            </path>
                                                                        </svg><svg xmlns="http://www.w3.org/2000/svg"
                                                                            viewBox="0 0 100 100" width="1rem"
                                                                            id="LEGACY_star-100-percent"
                                                                            aria-label="LEGACY_star-100-percent"
                                                                            role="img">
                                                                            <path fill="currentColor"
                                                                                d="m98 39.373-34.162-2.9L50.502 4.995l-13.34 31.486L3 39.381 28.933 61.85l-7.792 33.39 29.36-17.718 29.36 17.718-7.792-33.4z">
                                                                            </path>
                                                                        </svg><svg xmlns="http://www.w3.org/2000/svg"
                                                                            viewBox="0 0 100 100" width="1rem"
                                                                            id="LEGACY_star-100-percent"
                                                                            aria-label="LEGACY_star-100-percent"
                                                                            role="img">
                                                                            <path fill="currentColor"
                                                                                d="m98 39.373-34.162-2.9L50.502 4.995l-13.34 31.486L3 39.381 28.933 61.85l-7.792 33.39 29.36-17.718 29.36 17.718-7.792-33.4z">
                                                                            </path>
                                                                        </svg></div>
                                                                    <div><span
                                                                            class="leading-xl ml-1 text-sm">(<!-- -->2<!-- -->)</span>
                                                                    </div>
                                                                </div>
                                                            </div>
                                                            <div class="mt-2 md:mt-4">
                                                                <div class="h-4 w-[60%]"></div>
                                                                <div class="flex pb-4">
                                                                    <div class="mr-1">
                                                                        <div><span class="sr-only">Rabattstempel</span>
                                                                            <div
                                                                                class="flex items-center justify-center text-right whitespace-nowrap select-none rounded leading-2xl min-w-[2.5rem] max-w-[17.5rem] bg-magenta text-white">
                                                                                <div role="status"
                                                                                    class="inline-flex items-center text-xs px-2 py-1 font-semibold">
                                                                                    <span>-16%</span>
                                                                                </div>
                                                                            </div>
                                                                        </div>
                                                                    </div>
                                                                    <div class="flex text-grey-1 whitespace-nowrap leading-price text-[1.625rem] mt-[0.125rem]"
                                                                        data-testid="sales-price"><span
                                                                            class="sr-only">Verkaufspreis<!-- -->:<span>24,99 €</span></span><span
                                                                            aria-hidden="true"
                                                                            class="font-bold">24<!-- -->,</span>
                                                                        <div class="flex flex-col justify-between"><sup
                                                                                aria-hidden="true"
                                                                                class="top-0 -translate-x-[0.5em] text-[45%] font-bold leading-none">99 €</sup>
                                                                            <div class="translate-y-[10%] pl-1">
                                                                                <div class="text-2xs leading-4xl whitespace-nowrap text-grey-2 tracking-[0.14px]"
                                                                                    data-testid="base-price"><span
                                                                                        class="sr-only">Grundpreis<!-- -->:</span><span>0,42
                                                                                        €/St</span></div>
                                                                            </div>
                                                                        </div>
                                                                    </div>
                                                                </div>
                                                                <div
                                                                    class="h-4 font-base text-2xs leading-5xl text-grey-2">
                                                                </div>
                                                                <div class="mt-3">
                                                                    <div class="flex text-center w-full"
                                                                        data-testid="add-to-cart-cta"><button
                                                                            aria-disabled="false" type="button"
                                                                            data-testid="add_to_cart_button"
                                                                            class="font-semibold md:inline-flex flex items-center justify-center rounded-lg cursor-pointer px-4 min-w-[6.5rem] h-12 select-none disabled:opacity-40 disabled:cursor-default gap-2 border border-solid border-trust-green bg-transparent text-trust-green hover:[&amp;:not(:disabled)]:bg-transparent hover:[&amp;:not(:disabled)]:border-balance-green hover:[&amp;:not(:disabled)]:text-balance-green focus:[&amp;:not(:disabled)]:bg-transparent focus:[&amp;:not(:disabled)]:border-balance-green focus:[&amp;:not(:disabled)]:text-trust-green w-full"
                                                                            aria-label="In den Warenkorb"><span
                                                                                class="">In den
                                                                                Warenkorb</span></button></div>
                                                                </div>
                                                            </div>
                                                        </div>
                                                        <div
                                                            class="mt-1 text-right font-base text-2xs leading-5xl text-grey-2">
                                                            Gesponsert</div>
                                                    </div>
                                                </a></div>
                                        </div>
                                    </li>
                                    <li class="splide__slide">
                                        <div class="mx-5 mb-6 mt-4 max-w-[226px]">
                                            <div class="h-full"><a data-testid="product-card-sponsored"
                                                    aria-label="Thomapyrin TENSION DUO 18 St"
                                                    class="hover:shadow-card relative flex h-full max-w-full cursor-pointer flex-col rounded-lg px-4 pb-2 hover:outline-transparent focus:outline-transparent sm:pt-2"
                                                    href="/thomapyrin-tension-duo-18-st/15420191">
                                                    <div data-testid="product-details"
                                                        class="relative flex flex-col justify-between pt-4">
                                                        <div class="flex justify-center">
                                                            <div
                                                                class="relative overflow-hidden ImageSource_image__mca28">
                                                                <span
                                                                    style="box-sizing:border-box;display:inline-block;overflow:hidden;width:initial;height:initial;background:none;opacity:1;border:0;margin:0;padding:0;position:relative;max-width:100%"><span
                                                                        style="box-sizing:border-box;display:block;width:initial;height:initial;background:none;opacity:1;border:0;margin:0;padding:0;max-width:100%"><img
                                                                            style="display:block;max-width:100%;width:initial;height:initial;background:none;opacity:1;border:0;margin:0;padding:0"
                                                                            alt="" aria-hidden="true"
                                                                            src="data:image/svg+xml,%3csvg%20xmlns=%27http://www.w3.org/2000/svg%27%20version=%271.1%27%20width=%27180%27%20height=%27180%27/%3e" /></span><img
                                                                        alt="Thomapyrin TENSION DUO 18 St"
                                                                        title="Thomapyrin TENSION DUO 18 St"
                                                                        aria-label="image"
                                                                        src="data:image/gif;base64,R0lGODlhAQABAIAAAAAAAP///yH5BAEAAAAALAAAAAABAAEAAAIBRAA7"
                                                                        decoding="async" data-nimg="intrinsic" class=" "
                                                                        style="position:absolute;top:0;left:0;bottom:0;right:0;box-sizing:border-box;padding:0;border:none;margin:auto;display:block;width:0;height:0;min-width:100%;max-width:100%;min-height:100%;max-height:100%" /><noscript><img
                                                                            alt="Thomapyrin TENSION DUO 18 St"
                                                                            title="Thomapyrin TENSION DUO 18 St"
                                                                            aria-label="image" loading="lazy"
                                                                            decoding="async" data-nimg="intrinsic"
                                                                            style="position:absolute;top:0;left:0;bottom:0;right:0;box-sizing:border-box;padding:0;border:none;margin:auto;display:block;width:0;height:0;min-width:100%;max-width:100%;min-height:100%;max-height:100%"
                                                                            class=" "
                                                                            src="https://statics.docmorris.de/static/produkte/FX5BXTDG/docmorris/ps1000/thomapyrin-tension-duo-18-st-15420191-0-1714050057624431.jpeg" /></noscript></span><span
                                                                    data-testid="skeleton"
                                                                    class="Skeleton_skeletonbox__Ae1Fg Skeleton_skeletonAnimation__mxWPc"
                                                                    style="width:180px;height:180px;position:absolute"></span>
                                                            </div>
                                                        </div>
                                                    </div>
                                                    <div class="relative flex min-w-0 flex-1 flex-col">
                                                        <div class="flex flex-col justify-between">
                                                            <p data-testid="product-name"
                                                                title="Thomapyrin TENSION DUO 18 St"
                                                                class="text-grey-1 hover:text-grey-1 focus:text-grey-1 mb-0 line-clamp-2 h-[3.125rem] max-w-[13rem] break-words text-base font-semibold leading-6 focus-within:no-underline focus-within:outline-transparent focus:underline">
                                                                Thomapyrin TENSION DUO 18 St</p>
                                                            <div
                                                                class="leading-2xl text-grey-2 h-[1.125rem] truncate text-xs font-semibold">
                                                                <span>18 St</span><span> • <!-- -->Filmtabletten</span>
                                                            </div>
                                                            <div title="A. Nattermann &amp; Cie GmbH"
                                                                class="text-grey-2 w-[95%] overflow-hidden truncate text-xs font-semibold leading-5">
                                                                <span>A. Nattermann &amp; Cie GmbH</span>
                                                            </div>
                                                            <div class="bold flex h-5 items-center text-sm">
                                                                <div class="rating-stars_ratingStars__0zPR5">
                                                                    <div title="Thomapyrin TENSION DUO 18 St rating"
                                                                        class="rating-stars_stars__TQWHl"><svg
                                                                            xmlns="http://www.w3.org/2000/svg"
                                                                            viewBox="0 0 100 100" width="1rem"
                                                                            id="LEGACY_star-100-percent"
                                                                            aria-label="LEGACY_star-100-percent"
                                                                            role="img">
                                                                            <path fill="currentColor"
                                                                                d="m98 39.373-34.162-2.9L50.502 4.995l-13.34 31.486L3 39.381 28.933 61.85l-7.792 33.39 29.36-17.718 29.36 17.718-7.792-33.4z">
                                                                            </path>
                                                                        </svg><svg xmlns="http://www.w3.org/2000/svg"
                                                                            viewBox="0 0 100 100" width="1rem"
                                                                            id="LEGACY_star-100-percent"
                                                                            aria-label="LEGACY_star-100-percent"
                                                                            role="img">
                                                                            <path fill="currentColor"
                                                                                d="m98 39.373-34.162-2.9L50.502 4.995l-13.34 31.486L3 39.381 28.933 61.85l-7.792 33.39 29.36-17.718 29.36 17.718-7.792-33.4z">
                                                                            </path>
                                                                        </svg><svg xmlns="http://www.w3.org/2000/svg"
                                                                            viewBox="0 0 100 100" width="1rem"
                                                                            id="LEGACY_star-100-percent"
                                                                            aria-label="LEGACY_star-100-percent"
                                                                            role="img">
                                                                            <path fill="currentColor"
                                                                                d="m98 39.373-34.162-2.9L50.502 4.995l-13.34 31.486L3 39.381 28.933 61.85l-7.792 33.39 29.36-17.718 29.36 17.718-7.792-33.4z">
                                                                            </path>
                                                                        </svg><svg xmlns="http://www.w3.org/2000/svg"
                                                                            viewBox="0 0 100 100" width="1rem"
                                                                            id="LEGACY_star-100-percent"
                                                                            aria-label="LEGACY_star-100-percent"
                                                                            role="img">
                                                                            <path fill="currentColor"
                                                                                d="m98 39.373-34.162-2.9L50.502 4.995l-13.34 31.486L3 39.381 28.933 61.85l-7.792 33.39 29.36-17.718 29.36 17.718-7.792-33.4z">
                                                                            </path>
                                                                        </svg><svg xmlns="http://www.w3.org/2000/svg"
                                                                            viewBox="0 0 100 100" width="1rem"
                                                                            id="LEGACY_star-75-percent"
                                                                            aria-label="LEGACY_star-75-percent"
                                                                            role="img">
                                                                            <defs>
                                                                                <clipPath id="a">
                                                                                    <path fill="none"
                                                                                        d="M60.841 31.473 47.5 0 34.159 31.473 0 34.373l25.933 22.464-7.793 33.4L47.5 72.516l29.357 17.718-7.79-33.394L95 34.376z">
                                                                                    </path>
                                                                                </clipPath>
                                                                            </defs>
                                                                            <path fill="currentColor"
                                                                                d="M50.5 15.683 60 38.102l.979 2.315 2.5.211L87.8 42.693l-18.469 16-1.9 1.646.574 2.45 5.548 23.775-20.906-12.615-2.152-1.3-2.152 1.3-20.9 12.615 5.548-23.775.571-2.45-1.9-1.646-18.467-16 24.318-2.065 2.5-.211.982-2.315 9.5-22.419m0-10.679L37.157 36.477l-34.162 2.9 25.933 22.464-7.79 33.4L50.495 77.52l29.36 17.718-7.793-33.394L97.995 39.38l-34.162-2.9L50.495 5.007z">
                                                                            </path>
                                                                            <g clip-path="url(#a)"
                                                                                transform="translate(3 5.001)">
                                                                                <path fill="currentColor"
                                                                                    d="M-39.425-24.155h97.408V96.303h-97.408z">
                                                                                </path>
                                                                            </g>
                                                                        </svg></div>
                                                                    <div><span
                                                                            class="leading-xl ml-1 text-sm">(<!-- -->141<!-- -->)</span>
                                                                    </div>
                                                                </div>
                                                            </div>
                                                            <div class="mt-2 md:mt-4">
                                                                <div class="h-4 w-[60%]"></div>
                                                                <div class="flex pb-4">
                                                                    <div class="mr-1">
                                                                        <div><span class="sr-only">Rabattstempel</span>
                                                                            <div
                                                                                class="flex items-center justify-center text-right whitespace-nowrap select-none rounded leading-2xl min-w-[2.5rem] max-w-[17.5rem] bg-magenta text-white">
                                                                                <div role="status"
                                                                                    class="inline-flex items-center text-xs px-2 py-1 font-semibold">
                                                                                    <span>-30%</span>
                                                                                </div>
                                                                            </div>
                                                                        </div>
                                                                    </div>
                                                                    <div class="flex text-grey-1 whitespace-nowrap leading-price text-[1.625rem] mt-[0.125rem]"
                                                                        data-testid="sales-price"><span
                                                                            class="sr-only">Verkaufspreis<!-- -->:<span>7,29 €</span></span><span
                                                                            aria-hidden="true"
                                                                            class="font-bold">7<!-- -->,</span>
                                                                        <div class="flex flex-col justify-between"><sup
                                                                                aria-hidden="true"
                                                                                class="top-0 -translate-x-[0.5em] text-[45%] font-bold leading-none">29 €</sup>
                                                                            <div class="translate-y-[10%] pl-1">
                                                                                <div class="text-2xs leading-4xl whitespace-nowrap text-grey-2 tracking-[0.14px]"
                                                                                    data-testid="base-price"><span
                                                                                        class="sr-only">Grundpreis<!-- -->:</span><span>0,41
                                                                                        €/St</span></div>
                                                                            </div>
                                                                        </div>
                                                                    </div>
                                                                </div>
                                                                <div
                                                                    class="h-4 font-base text-2xs leading-5xl text-grey-2">
                                                                </div>
                                                                <div class="mt-3">
                                                                    <div class="flex text-center w-full"
                                                                        data-testid="add-to-cart-cta"><button
                                                                            aria-disabled="false" type="button"
                                                                            data-testid="add_to_cart_button"
                                                                            class="font-semibold md:inline-flex flex items-center justify-center rounded-lg cursor-pointer px-4 min-w-[6.5rem] h-12 select-none disabled:opacity-40 disabled:cursor-default gap-2 border border-solid border-trust-green bg-transparent text-trust-green hover:[&amp;:not(:disabled)]:bg-transparent hover:[&amp;:not(:disabled)]:border-balance-green hover:[&amp;:not(:disabled)]:text-balance-green focus:[&amp;:not(:disabled)]:bg-transparent focus:[&amp;:not(:disabled)]:border-balance-green focus:[&amp;:not(:disabled)]:text-trust-green w-full"
                                                                            aria-label="In den Warenkorb"><span
                                                                                class="">In den
                                                                                Warenkorb</span></button></div>
                                                                </div>
                                                            </div>
                                                        </div>
                                                        <div
                                                            class="mt-1 text-right font-base text-2xs leading-5xl text-grey-2">
                                                            Gesponsert</div>
                                                    </div>
                                                </a></div>
                                        </div>
                                    </li>
                                    <li class="splide__slide">
                                        <div class="mx-5 mb-6 mt-4 max-w-[226px]">
                                            <div class="h-full"><a data-testid="product-card-sponsored"
                                                    aria-label="Magnesium Diasporal Pro DEPOT Muskeln und Nerven 30 St"
                                                    class="hover:shadow-card relative flex h-full max-w-full cursor-pointer flex-col rounded-lg px-4 pb-2 hover:outline-transparent focus:outline-transparent sm:pt-2"
                                                    href="/magnesium-diasporal-pro-depot-muskeln-und-nerven-30-st/18160129">
                                                    <div data-testid="product-details"
                                                        class="relative flex flex-col justify-between pt-4">
                                                        <div class="flex justify-center">
                                                            <div
                                                                class="relative overflow-hidden ImageSource_image__mca28">
                                                                <span
                                                                    style="box-sizing:border-box;display:inline-block;overflow:hidden;width:initial;height:initial;background:none;opacity:1;border:0;margin:0;padding:0;position:relative;max-width:100%"><span
                                                                        style="box-sizing:border-box;display:block;width:initial;height:initial;background:none;opacity:1;border:0;margin:0;padding:0;max-width:100%"><img
                                                                            style="display:block;max-width:100%;width:initial;height:initial;background:none;opacity:1;border:0;margin:0;padding:0"
                                                                            alt="" aria-hidden="true"
                                                                            src="data:image/svg+xml,%3csvg%20xmlns=%27http://www.w3.org/2000/svg%27%20version=%271.1%27%20width=%27180%27%20height=%27180%27/%3e" /></span><img
                                                                        alt="Magnesium Diasporal Pro DEPOT Muskeln und Nerven 30 St"
                                                                        title="Magnesium Diasporal Pro DEPOT Muskeln und Nerven 30 St"
                                                                        aria-label="image"
                                                                        src="data:image/gif;base64,R0lGODlhAQABAIAAAAAAAP///yH5BAEAAAAALAAAAAABAAEAAAIBRAA7"
                                                                        decoding="async" data-nimg="intrinsic" class=" "
                                                                        style="position:absolute;top:0;left:0;bottom:0;right:0;box-sizing:border-box;padding:0;border:none;margin:auto;display:block;width:0;height:0;min-width:100%;max-width:100%;min-height:100%;max-height:100%" /><noscript><img
                                                                            alt="Magnesium Diasporal Pro DEPOT Muskeln und Nerven 30 St"
                                                                            title="Magnesium Diasporal Pro DEPOT Muskeln und Nerven 30 St"
                                                                            aria-label="image" loading="lazy"
                                                                            decoding="async" data-nimg="intrinsic"
                                                                            style="position:absolute;top:0;left:0;bottom:0;right:0;box-sizing:border-box;padding:0;border:none;margin:auto;display:block;width:0;height:0;min-width:100%;max-width:100%;min-height:100%;max-height:100%"
                                                                            class=" "
                                                                            src="https://statics.docmorris.de/static/produkte/Y8KNP11C/docmorris/ps1000/magnesium-diasporal-pro-depot-muskeln-und-nerven-3-18160129-0-1714111505988343.jpeg" /></noscript></span><span
                                                                    data-testid="skeleton"
                                                                    class="Skeleton_skeletonbox__Ae1Fg Skeleton_skeletonAnimation__mxWPc"
                                                                    style="width:180px;height:180px;position:absolute"></span>
                                                            </div>
                                                        </div>
                                                    </div>
                                                    <div class="relative flex min-w-0 flex-1 flex-col">
                                                        <div class="flex flex-col justify-between">
                                                            <p data-testid="product-name"
                                                                title="Magnesium Diasporal Pro DEPOT Muskeln und Nerven 30 St"
                                                                class="text-grey-1 hover:text-grey-1 focus:text-grey-1 mb-0 line-clamp-2 h-[3.125rem] max-w-[13rem] break-words text-base font-semibold leading-6 focus-within:no-underline focus-within:outline-transparent focus:underline">
                                                                Magnesium Diasporal Pro DEPOT Muskeln und Nerven 30 St
                                                            </p>
                                                            <div
                                                                class="leading-2xl text-grey-2 h-[1.125rem] truncate text-xs font-semibold">
                                                                <span>30 St</span><span> • <!-- -->Tabletten</span>
                                                            </div>
                                                            <div title="Protina Pharmazeutische GmbH"
                                                                class="text-grey-2 w-[95%] overflow-hidden truncate text-xs font-semibold leading-5">
                                                                <span>Protina Pharmazeutische GmbH</span>
                                                            </div>
                                                            <div class="bold flex h-5 items-center text-sm">
                                                                <div class="rating-stars_ratingStars__0zPR5">
                                                                    <div title="Magnesium Diasporal Pro DEPOT Muskeln und Nerven 30 St rating"
                                                                        class="rating-stars_stars__TQWHl rating-stars_zeroReviews__0xn8p">
                                                                        <svg xmlns="http://www.w3.org/2000/svg"
                                                                            viewBox="0 0 100 100" width="1rem"
                                                                            id="LEGACY_star-0-percent"
                                                                            aria-label="LEGACY_star-0-percent"
                                                                            role="img">
                                                                            <path fill="currentColor"
                                                                                d="M49.5 15.682 59 38.104l.981 2.315 2.5.214 24.32 2.062-18.467 16-1.9 1.646.573 2.45 5.546 23.775-20.9-12.615-2.152-1.3-2.155 1.3-20.9 12.618 5.546-23.778.573-2.45-1.9-1.646-18.47-16 24.32-2.062 2.506-.214.979-2.315 9.5-22.418m0-10.682L36.16 36.48l-34.162 2.9 25.935 22.465-7.794 33.4L49.5 77.515l29.36 17.72-7.794-33.395 25.932-22.465-34.159-2.9L49.5 5.004z">
                                                                            </path>
                                                                        </svg><svg xmlns="http://www.w3.org/2000/svg"
                                                                            viewBox="0 0 100 100" width="1rem"
                                                                            id="LEGACY_star-0-percent"
                                                                            aria-label="LEGACY_star-0-percent"
                                                                            role="img">
                                                                            <path fill="currentColor"
                                                                                d="M49.5 15.682 59 38.104l.981 2.315 2.5.214 24.32 2.062-18.467 16-1.9 1.646.573 2.45 5.546 23.775-20.9-12.615-2.152-1.3-2.155 1.3-20.9 12.618 5.546-23.778.573-2.45-1.9-1.646-18.47-16 24.32-2.062 2.506-.214.979-2.315 9.5-22.418m0-10.682L36.16 36.48l-34.162 2.9 25.935 22.465-7.794 33.4L49.5 77.515l29.36 17.72-7.794-33.395 25.932-22.465-34.159-2.9L49.5 5.004z">
                                                                            </path>
                                                                        </svg><svg xmlns="http://www.w3.org/2000/svg"
                                                                            viewBox="0 0 100 100" width="1rem"
                                                                            id="LEGACY_star-0-percent"
                                                                            aria-label="LEGACY_star-0-percent"
                                                                            role="img">
                                                                            <path fill="currentColor"
                                                                                d="M49.5 15.682 59 38.104l.981 2.315 2.5.214 24.32 2.062-18.467 16-1.9 1.646.573 2.45 5.546 23.775-20.9-12.615-2.152-1.3-2.155 1.3-20.9 12.618 5.546-23.778.573-2.45-1.9-1.646-18.47-16 24.32-2.062 2.506-.214.979-2.315 9.5-22.418m0-10.682L36.16 36.48l-34.162 2.9 25.935 22.465-7.794 33.4L49.5 77.515l29.36 17.72-7.794-33.395 25.932-22.465-34.159-2.9L49.5 5.004z">
                                                                            </path>
                                                                        </svg><svg xmlns="http://www.w3.org/2000/svg"
                                                                            viewBox="0 0 100 100" width="1rem"
                                                                            id="LEGACY_star-0-percent"
                                                                            aria-label="LEGACY_star-0-percent"
                                                                            role="img">
                                                                            <path fill="currentColor"
                                                                                d="M49.5 15.682 59 38.104l.981 2.315 2.5.214 24.32 2.062-18.467 16-1.9 1.646.573 2.45 5.546 23.775-20.9-12.615-2.152-1.3-2.155 1.3-20.9 12.618 5.546-23.778.573-2.45-1.9-1.646-18.47-16 24.32-2.062 2.506-.214.979-2.315 9.5-22.418m0-10.682L36.16 36.48l-34.162 2.9 25.935 22.465-7.794 33.4L49.5 77.515l29.36 17.72-7.794-33.395 25.932-22.465-34.159-2.9L49.5 5.004z">
                                                                            </path>
                                                                        </svg><svg xmlns="http://www.w3.org/2000/svg"
                                                                            viewBox="0 0 100 100" width="1rem"
                                                                            id="LEGACY_star-0-percent"
                                                                            aria-label="LEGACY_star-0-percent"
                                                                            role="img">
                                                                            <path fill="currentColor"
                                                                                d="M49.5 15.682 59 38.104l.981 2.315 2.5.214 24.32 2.062-18.467 16-1.9 1.646.573 2.45 5.546 23.775-20.9-12.615-2.152-1.3-2.155 1.3-20.9 12.618 5.546-23.778.573-2.45-1.9-1.646-18.47-16 24.32-2.062 2.506-.214.979-2.315 9.5-22.418m0-10.682L36.16 36.48l-34.162 2.9 25.935 22.465-7.794 33.4L49.5 77.515l29.36 17.72-7.794-33.395 25.932-22.465-34.159-2.9L49.5 5.004z">
                                                                            </path>
                                                                        </svg>
                                                                    </div>
                                                                    <div><span
                                                                            class="leading-xl ml-1 text-sm">(<!-- -->0<!-- -->)</span>
                                                                    </div>
                                                                </div>
                                                            </div>
                                                            <div class="mt-2 md:mt-4">
                                                                <div class="h-4 w-[60%]"></div>
                                                                <div class="flex pb-4">
                                                                    <div class="mr-1">
                                                                        <div><span class="sr-only">Rabattstempel</span>
                                                                            <div
                                                                                class="flex items-center justify-center text-right whitespace-nowrap select-none rounded leading-2xl min-w-[2.5rem] max-w-[17.5rem] bg-magenta text-white">
                                                                                <div role="status"
                                                                                    class="inline-flex items-center text-xs px-2 py-1 font-semibold">
                                                                                    <span>-18%</span>
                                                                                </div>
                                                                            </div>
                                                                        </div>
                                                                    </div>
                                                                    <div class="flex text-grey-1 whitespace-nowrap leading-price text-[1.625rem] mt-[0.125rem]"
                                                                        data-testid="sales-price"><span
                                                                            class="sr-only">Verkaufspreis<!-- -->:<span>15,49 €</span></span><span
                                                                            aria-hidden="true"
                                                                            class="font-bold">15<!-- -->,</span>
                                                                        <div class="flex flex-col justify-between"><sup
                                                                                aria-hidden="true"
                                                                                class="top-0 -translate-x-[0.5em] text-[45%] font-bold leading-none">49 €</sup>
                                                                            <div class="translate-y-[10%] pl-1">
                                                                                <div class="text-2xs leading-4xl whitespace-nowrap text-grey-2 tracking-[0.14px]"
                                                                                    data-testid="base-price"><span
                                                                                        class="sr-only">Grundpreis<!-- -->:</span><span>0,52
                                                                                        €/St</span></div>
                                                                            </div>
                                                                        </div>
                                                                    </div>
                                                                </div>
                                                                <div
                                                                    class="h-4 font-base text-2xs leading-5xl text-grey-2">
                                                                </div>
                                                                <div class="mt-3">
                                                                    <div class="flex text-center w-full"
                                                                        data-testid="add-to-cart-cta"><button
                                                                            aria-disabled="false" type="button"
                                                                            data-testid="add_to_cart_button"
                                                                            class="font-semibold md:inline-flex flex items-center justify-center rounded-lg cursor-pointer px-4 min-w-[6.5rem] h-12 select-none disabled:opacity-40 disabled:cursor-default gap-2 border border-solid border-trust-green bg-transparent text-trust-green hover:[&amp;:not(:disabled)]:bg-transparent hover:[&amp;:not(:disabled)]:border-balance-green hover:[&amp;:not(:disabled)]:text-balance-green focus:[&amp;:not(:disabled)]:bg-transparent focus:[&amp;:not(:disabled)]:border-balance-green focus:[&amp;:not(:disabled)]:text-trust-green w-full"
                                                                            aria-label="In den Warenkorb"><span
                                                                                class="">In den
                                                                                Warenkorb</span></button></div>
                                                                </div>
                                                            </div>
                                                        </div>
                                                        <div
                                                            class="mt-1 text-right font-base text-2xs leading-5xl text-grey-2">
                                                            Gesponsert</div>
                                                    </div>
                                                </a></div>
                                        </div>
                                    </li>
                                    <li class="splide__slide">
                                        <div class="mx-5 mb-6 mt-4 max-w-[226px]">
                                            <div class="h-full"><a data-testid="product-card-sponsored"
                                                    aria-label="Thomapyrin TENSION DUO 12 St"
                                                    class="hover:shadow-card relative flex h-full max-w-full cursor-pointer flex-col rounded-lg px-4 pb-2 hover:outline-transparent focus:outline-transparent sm:pt-2"
                                                    href="/thomapyrin-tension-duo-12-st/12551047">
                                                    <div data-testid="product-details"
                                                        class="relative flex flex-col justify-between pt-4">
                                                        <div class="flex justify-center">
                                                            <div
                                                                class="relative overflow-hidden ImageSource_image__mca28">
                                                                <span
                                                                    style="box-sizing:border-box;display:inline-block;overflow:hidden;width:initial;height:initial;background:none;opacity:1;border:0;margin:0;padding:0;position:relative;max-width:100%"><span
                                                                        style="box-sizing:border-box;display:block;width:initial;height:initial;background:none;opacity:1;border:0;margin:0;padding:0;max-width:100%"><img
                                                                            style="display:block;max-width:100%;width:initial;height:initial;background:none;opacity:1;border:0;margin:0;padding:0"
                                                                            alt="" aria-hidden="true"
                                                                            src="data:image/svg+xml,%3csvg%20xmlns=%27http://www.w3.org/2000/svg%27%20version=%271.1%27%20width=%27180%27%20height=%27180%27/%3e" /></span><img
                                                                        alt="Thomapyrin TENSION DUO 12 St"
                                                                        title="Thomapyrin TENSION DUO 12 St"
                                                                        aria-label="image"
                                                                        src="data:image/gif;base64,R0lGODlhAQABAIAAAAAAAP///yH5BAEAAAAALAAAAAABAAEAAAIBRAA7"
                                                                        decoding="async" data-nimg="intrinsic" class=" "
                                                                        style="position:absolute;top:0;left:0;bottom:0;right:0;box-sizing:border-box;padding:0;border:none;margin:auto;display:block;width:0;height:0;min-width:100%;max-width:100%;min-height:100%;max-height:100%" /><noscript><img
                                                                            alt="Thomapyrin TENSION DUO 12 St"
                                                                            title="Thomapyrin TENSION DUO 12 St"
                                                                            aria-label="image" loading="lazy"
                                                                            decoding="async" data-nimg="intrinsic"
                                                                            style="position:absolute;top:0;left:0;bottom:0;right:0;box-sizing:border-box;padding:0;border:none;margin:auto;display:block;width:0;height:0;min-width:100%;max-width:100%;min-height:100%;max-height:100%"
                                                                            class=" "
                                                                            src="https://statics.docmorris.de/static/produkte/FX5ZH6P3/docmorris/ps1000/thomapyrin-tension-duo-12-st-12551047-0-1714043664455538.jpeg" /></noscript></span><span
                                                                    data-testid="skeleton"
                                                                    class="Skeleton_skeletonbox__Ae1Fg Skeleton_skeletonAnimation__mxWPc"
                                                                    style="width:180px;height:180px;position:absolute"></span>
                                                            </div>
                                                        </div>
                                                    </div>
                                                    <div class="relative flex min-w-0 flex-1 flex-col">
                                                        <div class="flex flex-col justify-between">
                                                            <p data-testid="product-name"
                                                                title="Thomapyrin TENSION DUO 12 St"
                                                                class="text-grey-1 hover:text-grey-1 focus:text-grey-1 mb-0 line-clamp-2 h-[3.125rem] max-w-[13rem] break-words text-base font-semibold leading-6 focus-within:no-underline focus-within:outline-transparent focus:underline">
                                                                Thomapyrin TENSION DUO 12 St</p>
                                                            <div
                                                                class="leading-2xl text-grey-2 h-[1.125rem] truncate text-xs font-semibold">
                                                                <span>12 St</span><span> • <!-- -->Filmtabletten</span>
                                                            </div>
                                                            <div title="A. Nattermann &amp; Cie GmbH"
                                                                class="text-grey-2 w-[95%] overflow-hidden truncate text-xs font-semibold leading-5">
                                                                <span>A. Nattermann &amp; Cie GmbH</span>
                                                            </div>
                                                            <div class="bold flex h-5 items-center text-sm">
                                                                <div class="rating-stars_ratingStars__0zPR5">
                                                                    <div title="Thomapyrin TENSION DUO 12 St rating"
                                                                        class="rating-stars_stars__TQWHl"><svg
                                                                            xmlns="http://www.w3.org/2000/svg"
                                                                            viewBox="0 0 100 100" width="1rem"
                                                                            id="LEGACY_star-100-percent"
                                                                            aria-label="LEGACY_star-100-percent"
                                                                            role="img">
                                                                            <path fill="currentColor"
                                                                                d="m98 39.373-34.162-2.9L50.502 4.995l-13.34 31.486L3 39.381 28.933 61.85l-7.792 33.39 29.36-17.718 29.36 17.718-7.792-33.4z">
                                                                            </path>
                                                                        </svg><svg xmlns="http://www.w3.org/2000/svg"
                                                                            viewBox="0 0 100 100" width="1rem"
                                                                            id="LEGACY_star-100-percent"
                                                                            aria-label="LEGACY_star-100-percent"
                                                                            role="img">
                                                                            <path fill="currentColor"
                                                                                d="m98 39.373-34.162-2.9L50.502 4.995l-13.34 31.486L3 39.381 28.933 61.85l-7.792 33.39 29.36-17.718 29.36 17.718-7.792-33.4z">
                                                                            </path>
                                                                        </svg><svg xmlns="http://www.w3.org/2000/svg"
                                                                            viewBox="0 0 100 100" width="1rem"
                                                                            id="LEGACY_star-100-percent"
                                                                            aria-label="LEGACY_star-100-percent"
                                                                            role="img">
                                                                            <path fill="currentColor"
                                                                                d="m98 39.373-34.162-2.9L50.502 4.995l-13.34 31.486L3 39.381 28.933 61.85l-7.792 33.39 29.36-17.718 29.36 17.718-7.792-33.4z">
                                                                            </path>
                                                                        </svg><svg xmlns="http://www.w3.org/2000/svg"
                                                                            viewBox="0 0 100 100" width="1rem"
                                                                            id="LEGACY_star-100-percent"
                                                                            aria-label="LEGACY_star-100-percent"
                                                                            role="img">
                                                                            <path fill="currentColor"
                                                                                d="m98 39.373-34.162-2.9L50.502 4.995l-13.34 31.486L3 39.381 28.933 61.85l-7.792 33.39 29.36-17.718 29.36 17.718-7.792-33.4z">
                                                                            </path>
                                                                        </svg><svg xmlns="http://www.w3.org/2000/svg"
                                                                            viewBox="0 0 100 100" width="1rem"
                                                                            id="LEGACY_star-75-percent"
                                                                            aria-label="LEGACY_star-75-percent"
                                                                            role="img">
                                                                            <defs>
                                                                                <clipPath id="a">
                                                                                    <path fill="none"
                                                                                        d="M60.841 31.473 47.5 0 34.159 31.473 0 34.373l25.933 22.464-7.793 33.4L47.5 72.516l29.357 17.718-7.79-33.394L95 34.376z">
                                                                                    </path>
                                                                                </clipPath>
                                                                            </defs>
                                                                            <path fill="currentColor"
                                                                                d="M50.5 15.683 60 38.102l.979 2.315 2.5.211L87.8 42.693l-18.469 16-1.9 1.646.574 2.45 5.548 23.775-20.906-12.615-2.152-1.3-2.152 1.3-20.9 12.615 5.548-23.775.571-2.45-1.9-1.646-18.467-16 24.318-2.065 2.5-.211.982-2.315 9.5-22.419m0-10.679L37.157 36.477l-34.162 2.9 25.933 22.464-7.79 33.4L50.495 77.52l29.36 17.718-7.793-33.394L97.995 39.38l-34.162-2.9L50.495 5.007z">
                                                                            </path>
                                                                            <g clip-path="url(#a)"
                                                                                transform="translate(3 5.001)">
                                                                                <path fill="currentColor"
                                                                                    d="M-39.425-24.155h97.408V96.303h-97.408z">
                                                                                </path>
                                                                            </g>
                                                                        </svg></div>
                                                                    <div><span
                                                                            class="leading-xl ml-1 text-sm">(<!-- -->141<!-- -->)</span>
                                                                    </div>
                                                                </div>
                                                            </div>
                                                            <div class="mt-2 md:mt-4">
                                                                <div class="h-4 w-[60%]"></div>
                                                                <div class="flex pb-4">
                                                                    <div class="mr-1">
                                                                        <div><span class="sr-only">Rabattstempel</span>
                                                                            <div
                                                                                class="flex items-center justify-center text-right whitespace-nowrap select-none rounded leading-2xl min-w-[2.5rem] max-w-[17.5rem] bg-magenta text-white">
                                                                                <div role="status"
                                                                                    class="inline-flex items-center text-xs px-2 py-1 font-semibold">
                                                                                    <span>-27%</span>
                                                                                </div>
                                                                            </div>
                                                                        </div>
                                                                    </div>
                                                                    <div class="flex text-grey-1 whitespace-nowrap leading-price text-[1.625rem] mt-[0.125rem]"
                                                                        data-testid="sales-price"><span
                                                                            class="sr-only">Verkaufspreis<!-- -->:<span>5,49 €</span></span><span
                                                                            aria-hidden="true"
                                                                            class="font-bold">5<!-- -->,</span>
                                                                        <div class="flex flex-col justify-between"><sup
                                                                                aria-hidden="true"
                                                                                class="top-0 -translate-x-[0.5em] text-[45%] font-bold leading-none">49 €</sup>
                                                                            <div class="translate-y-[10%] pl-1">
                                                                                <div class="text-2xs leading-4xl whitespace-nowrap text-grey-2 tracking-[0.14px]"
                                                                                    data-testid="base-price"><span
                                                                                        class="sr-only">Grundpreis<!-- -->:</span><span>0,52
                                                                                        €/St</span></div>
                                                                            </div>
                                                                        </div>
                                                                    </div>
                                                                </div>
                                                                <div
                                                                    class="h-4 font-base text-2xs leading-5xl text-grey-2">
                                                                </div>
                                                                <div class="mt-3">
                                                                    <div class="flex text-center w-full"
                                                                        data-testid="add-to-cart-cta"><button
                                                                            aria-disabled="false" type="button"
                                                                            data-testid="add_to_cart_button"
                                                                            class="font-semibold md:inline-flex flex items-center justify-center rounded-lg cursor-pointer px-4 min-w-[6.5rem] h-12 select-none disabled:opacity-40 disabled:cursor-default gap-2 border border-solid border-trust-green bg-transparent text-trust-green hover:[&amp;:not(:disabled)]:bg-transparent hover:[&amp;:not(:disabled)]:border-balance-green hover:[&amp;:not(:disabled)]:text-balance-green focus:[&amp;:not(:disabled)]:bg-transparent focus:[&amp;:not(:disabled)]:border-balance-green focus:[&amp;:not(:disabled)]:text-trust-green w-full"
                                                                            aria-label="In den Warenkorb"><span
                                                                                class="">In den
                                                                                Warenkorb</span></button></div>
                                                                </div>
                                                            </div>
                                                        </div>
                                                        <div
                                                            class="mt-1 text-right font-base text-2xs leading-5xl text-grey-2">
                                                            Gesponsert</div>
                                                    </div>
                                                </a></div>
                                        </div>
                                    </li>
                                    <li class="splide__slide">
                                        <div class="mx-5 mb-6 mt-4 max-w-[226px]">
                                            <div class="h-full"><a data-testid="product-card-sponsored"
                                                    aria-label="Magnesium Diasporal Pro Muskeln und Knochen DEPOT 30 St"
                                                    class="hover:shadow-card relative flex h-full max-w-full cursor-pointer flex-col rounded-lg px-4 pb-2 hover:outline-transparent focus:outline-transparent sm:pt-2"
                                                    href="/magnesium-diasporal-pro-muskeln-und-knochen-depot-30-st/18160141">
                                                    <div data-testid="product-details"
                                                        class="relative flex flex-col justify-between pt-4">
                                                        <div class="flex justify-center">
                                                            <div
                                                                class="relative overflow-hidden ImageSource_image__mca28">
                                                                <span
                                                                    style="box-sizing:border-box;display:inline-block;overflow:hidden;width:initial;height:initial;background:none;opacity:1;border:0;margin:0;padding:0;position:relative;max-width:100%"><span
                                                                        style="box-sizing:border-box;display:block;width:initial;height:initial;background:none;opacity:1;border:0;margin:0;padding:0;max-width:100%"><img
                                                                            style="display:block;max-width:100%;width:initial;height:initial;background:none;opacity:1;border:0;margin:0;padding:0"
                                                                            alt="" aria-hidden="true"
                                                                            src="data:image/svg+xml,%3csvg%20xmlns=%27http://www.w3.org/2000/svg%27%20version=%271.1%27%20width=%27180%27%20height=%27180%27/%3e" /></span><img
                                                                        alt="Magnesium Diasporal Pro Muskeln und Knochen DEPOT 30 St"
                                                                        title="Magnesium Diasporal Pro Muskeln und Knochen DEPOT 30 St"
                                                                        aria-label="image"
                                                                        src="data:image/gif;base64,R0lGODlhAQABAIAAAAAAAP///yH5BAEAAAAALAAAAAABAAEAAAIBRAA7"
                                                                        decoding="async" data-nimg="intrinsic" class=" "
                                                                        style="position:absolute;top:0;left:0;bottom:0;right:0;box-sizing:border-box;padding:0;border:none;margin:auto;display:block;width:0;height:0;min-width:100%;max-width:100%;min-height:100%;max-height:100%" /><noscript><img
                                                                            alt="Magnesium Diasporal Pro Muskeln und Knochen DEPOT 30 St"
                                                                            title="Magnesium Diasporal Pro Muskeln und Knochen DEPOT 30 St"
                                                                            aria-label="image" loading="lazy"
                                                                            decoding="async" data-nimg="intrinsic"
                                                                            style="position:absolute;top:0;left:0;bottom:0;right:0;box-sizing:border-box;padding:0;border:none;margin:auto;display:block;width:0;height:0;min-width:100%;max-width:100%;min-height:100%;max-height:100%"
                                                                            class=" "
                                                                            src="https://statics.docmorris.de/static/produkte/98W5K93L/docmorris/ps1000/magnesium-diasporal-pro-muskeln-und-knochen-depot--18160141-0-1714111507875857.jpeg" /></noscript></span><span
                                                                    data-testid="skeleton"
                                                                    class="Skeleton_skeletonbox__Ae1Fg Skeleton_skeletonAnimation__mxWPc"
                                                                    style="width:180px;height:180px;position:absolute"></span>
                                                            </div>
                                                        </div>
                                                    </div>
                                                    <div class="relative flex min-w-0 flex-1 flex-col">
                                                        <div class="flex flex-col justify-between">
                                                            <p data-testid="product-name"
                                                                title="Magnesium Diasporal Pro Muskeln und Knochen DEPOT 30 St"
                                                                class="text-grey-1 hover:text-grey-1 focus:text-grey-1 mb-0 line-clamp-2 h-[3.125rem] max-w-[13rem] break-words text-base font-semibold leading-6 focus-within:no-underline focus-within:outline-transparent focus:underline">
                                                                Magnesium Diasporal Pro Muskeln und Knochen DEPOT 30 St
                                                            </p>
                                                            <div
                                                                class="leading-2xl text-grey-2 h-[1.125rem] truncate text-xs font-semibold">
                                                                <span>30 St</span><span> • <!-- -->Tabletten</span>
                                                            </div>
                                                            <div title="Protina Pharmazeutische GmbH"
                                                                class="text-grey-2 w-[95%] overflow-hidden truncate text-xs font-semibold leading-5">
                                                                <span>Protina Pharmazeutische GmbH</span>
                                                            </div>
                                                            <div class="bold flex h-5 items-center text-sm">
                                                                <div class="rating-stars_ratingStars__0zPR5">
                                                                    <div title="Magnesium Diasporal Pro Muskeln und Knochen DEPOT 30 St rating"
                                                                        class="rating-stars_stars__TQWHl rating-stars_zeroReviews__0xn8p">
                                                                        <svg xmlns="http://www.w3.org/2000/svg"
                                                                            viewBox="0 0 100 100" width="1rem"
                                                                            id="LEGACY_star-0-percent"
                                                                            aria-label="LEGACY_star-0-percent"
                                                                            role="img">
                                                                            <path fill="currentColor"
                                                                                d="M49.5 15.682 59 38.104l.981 2.315 2.5.214 24.32 2.062-18.467 16-1.9 1.646.573 2.45 5.546 23.775-20.9-12.615-2.152-1.3-2.155 1.3-20.9 12.618 5.546-23.778.573-2.45-1.9-1.646-18.47-16 24.32-2.062 2.506-.214.979-2.315 9.5-22.418m0-10.682L36.16 36.48l-34.162 2.9 25.935 22.465-7.794 33.4L49.5 77.515l29.36 17.72-7.794-33.395 25.932-22.465-34.159-2.9L49.5 5.004z">
                                                                            </path>
                                                                        </svg><svg xmlns="http://www.w3.org/2000/svg"
                                                                            viewBox="0 0 100 100" width="1rem"
                                                                            id="LEGACY_star-0-percent"
                                                                            aria-label="LEGACY_star-0-percent"
                                                                            role="img">
                                                                            <path fill="currentColor"
                                                                                d="M49.5 15.682 59 38.104l.981 2.315 2.5.214 24.32 2.062-18.467 16-1.9 1.646.573 2.45 5.546 23.775-20.9-12.615-2.152-1.3-2.155 1.3-20.9 12.618 5.546-23.778.573-2.45-1.9-1.646-18.47-16 24.32-2.062 2.506-.214.979-2.315 9.5-22.418m0-10.682L36.16 36.48l-34.162 2.9 25.935 22.465-7.794 33.4L49.5 77.515l29.36 17.72-7.794-33.395 25.932-22.465-34.159-2.9L49.5 5.004z">
                                                                            </path>
                                                                        </svg><svg xmlns="http://www.w3.org/2000/svg"
                                                                            viewBox="0 0 100 100" width="1rem"
                                                                            id="LEGACY_star-0-percent"
                                                                            aria-label="LEGACY_star-0-percent"
                                                                            role="img">
                                                                            <path fill="currentColor"
                                                                                d="M49.5 15.682 59 38.104l.981 2.315 2.5.214 24.32 2.062-18.467 16-1.9 1.646.573 2.45 5.546 23.775-20.9-12.615-2.152-1.3-2.155 1.3-20.9 12.618 5.546-23.778.573-2.45-1.9-1.646-18.47-16 24.32-2.062 2.506-.214.979-2.315 9.5-22.418m0-10.682L36.16 36.48l-34.162 2.9 25.935 22.465-7.794 33.4L49.5 77.515l29.36 17.72-7.794-33.395 25.932-22.465-34.159-2.9L49.5 5.004z">
                                                                            </path>
                                                                        </svg><svg xmlns="http://www.w3.org/2000/svg"
                                                                            viewBox="0 0 100 100" width="1rem"
                                                                            id="LEGACY_star-0-percent"
                                                                            aria-label="LEGACY_star-0-percent"
                                                                            role="img">
                                                                            <path fill="currentColor"
                                                                                d="M49.5 15.682 59 38.104l.981 2.315 2.5.214 24.32 2.062-18.467 16-1.9 1.646.573 2.45 5.546 23.775-20.9-12.615-2.152-1.3-2.155 1.3-20.9 12.618 5.546-23.778.573-2.45-1.9-1.646-18.47-16 24.32-2.062 2.506-.214.979-2.315 9.5-22.418m0-10.682L36.16 36.48l-34.162 2.9 25.935 22.465-7.794 33.4L49.5 77.515l29.36 17.72-7.794-33.395 25.932-22.465-34.159-2.9L49.5 5.004z">
                                                                            </path>
                                                                        </svg><svg xmlns="http://www.w3.org/2000/svg"
                                                                            viewBox="0 0 100 100" width="1rem"
                                                                            id="LEGACY_star-0-percent"
                                                                            aria-label="LEGACY_star-0-percent"
                                                                            role="img">
                                                                            <path fill="currentColor"
                                                                                d="M49.5 15.682 59 38.104l.981 2.315 2.5.214 24.32 2.062-18.467 16-1.9 1.646.573 2.45 5.546 23.775-20.9-12.615-2.152-1.3-2.155 1.3-20.9 12.618 5.546-23.778.573-2.45-1.9-1.646-18.47-16 24.32-2.062 2.506-.214.979-2.315 9.5-22.418m0-10.682L36.16 36.48l-34.162 2.9 25.935 22.465-7.794 33.4L49.5 77.515l29.36 17.72-7.794-33.395 25.932-22.465-34.159-2.9L49.5 5.004z">
                                                                            </path>
                                                                        </svg>
                                                                    </div>
                                                                    <div><span
                                                                            class="leading-xl ml-1 text-sm">(<!-- -->0<!-- -->)</span>
                                                                    </div>
                                                                </div>
                                                            </div>
                                                            <div class="mt-2 md:mt-4">
                                                                <div class="h-4 w-[60%]"></div>
                                                                <div class="flex pb-4">
                                                                    <div class="mr-1">
                                                                        <div><span class="sr-only">Rabattstempel</span>
                                                                            <div
                                                                                class="flex items-center justify-center text-right whitespace-nowrap select-none rounded leading-2xl min-w-[2.5rem] max-w-[17.5rem] bg-magenta text-white">
                                                                                <div role="status"
                                                                                    class="inline-flex items-center text-xs px-2 py-1 font-semibold">
                                                                                    <span>-18%</span>
                                                                                </div>
                                                                            </div>
                                                                        </div>
                                                                    </div>
                                                                    <div class="flex text-grey-1 whitespace-nowrap leading-price text-[1.625rem] mt-[0.125rem]"
                                                                        data-testid="sales-price"><span
                                                                            class="sr-only">Verkaufspreis<!-- -->:<span>15,49 €</span></span><span
                                                                            aria-hidden="true"
                                                                            class="font-bold">15<!-- -->,</span>
                                                                        <div class="flex flex-col justify-between"><sup
                                                                                aria-hidden="true"
                                                                                class="top-0 -translate-x-[0.5em] text-[45%] font-bold leading-none">49 €</sup>
                                                                            <div class="translate-y-[10%] pl-1">
                                                                                <div class="text-2xs leading-4xl whitespace-nowrap text-grey-2 tracking-[0.14px]"
                                                                                    data-testid="base-price"><span
                                                                                        class="sr-only">Grundpreis<!-- -->:</span><span>0,52
                                                                                        €/St</span></div>
                                                                            </div>
                                                                        </div>
                                                                    </div>
                                                                </div>
                                                                <div
                                                                    class="h-4 font-base text-2xs leading-5xl text-grey-2">
                                                                </div>
                                                                <div class="mt-3">
                                                                    <div class="flex text-center w-full"
                                                                        data-testid="add-to-cart-cta"><button
                                                                            aria-disabled="false" type="button"
                                                                            data-testid="add_to_cart_button"
                                                                            class="font-semibold md:inline-flex flex items-center justify-center rounded-lg cursor-pointer px-4 min-w-[6.5rem] h-12 select-none disabled:opacity-40 disabled:cursor-default gap-2 border border-solid border-trust-green bg-transparent text-trust-green hover:[&amp;:not(:disabled)]:bg-transparent hover:[&amp;:not(:disabled)]:border-balance-green hover:[&amp;:not(:disabled)]:text-balance-green focus:[&amp;:not(:disabled)]:bg-transparent focus:[&amp;:not(:disabled)]:border-balance-green focus:[&amp;:not(:disabled)]:text-trust-green w-full"
                                                                            aria-label="In den Warenkorb"><span
                                                                                class="">In den
                                                                                Warenkorb</span></button></div>
                                                                </div>
                                                            </div>
                                                        </div>
                                                        <div
                                                            class="mt-1 text-right font-base text-2xs leading-5xl text-grey-2">
                                                            Gesponsert</div>
                                                    </div>
                                                </a></div>
                                        </div>
                                    </li>
                                    <li class="splide__slide">
                                        <div class="mx-5 mb-6 mt-4 max-w-[226px]">
                                            <div class="h-full"><a data-testid="product-card-sponsored"
                                                    aria-label="Glucosamin &amp; Chondroitin - 360 Kapseln - TRUE NATURE 360 St"
                                                    class="hover:shadow-card relative flex h-full max-w-full cursor-pointer flex-col rounded-lg px-4 pb-2 hover:outline-transparent focus:outline-transparent sm:pt-2"
                                                    href="/glucosamin-chondroitin-360-kapseln-true-nature-360-st/CCCR4MLF">
                                                    <div data-testid="product-details"
                                                        class="relative flex flex-col justify-between pt-4">
                                                        <div class="flex justify-center">
                                                            <div
                                                                class="relative overflow-hidden ImageSource_image__mca28">
                                                                <span
                                                                    style="box-sizing:border-box;display:inline-block;overflow:hidden;width:initial;height:initial;background:none;opacity:1;border:0;margin:0;padding:0;position:relative;max-width:100%"><span
                                                                        style="box-sizing:border-box;display:block;width:initial;height:initial;background:none;opacity:1;border:0;margin:0;padding:0;max-width:100%"><img
                                                                            style="display:block;max-width:100%;width:initial;height:initial;background:none;opacity:1;border:0;margin:0;padding:0"
                                                                            alt="" aria-hidden="true"
                                                                            src="data:image/svg+xml,%3csvg%20xmlns=%27http://www.w3.org/2000/svg%27%20version=%271.1%27%20width=%27180%27%20height=%27180%27/%3e" /></span><img
                                                                        alt="Glucosamin &amp; Chondroitin - 360 Kapseln - TRUE NATURE 360 St"
                                                                        title="Glucosamin &amp; Chondroitin - 360 Kapseln - TRUE NATURE 360 St"
                                                                        aria-label="image"
                                                                        src="data:image/gif;base64,R0lGODlhAQABAIAAAAAAAP///yH5BAEAAAAALAAAAAABAAEAAAIBRAA7"
                                                                        decoding="async" data-nimg="intrinsic" class=" "
                                                                        style="position:absolute;top:0;left:0;bottom:0;right:0;box-sizing:border-box;padding:0;border:none;margin:auto;display:block;width:0;height:0;min-width:100%;max-width:100%;min-height:100%;max-height:100%" /><noscript><img
                                                                            alt="Glucosamin &amp; Chondroitin - 360 Kapseln - TRUE NATURE 360 St"
                                                                            title="Glucosamin &amp; Chondroitin - 360 Kapseln - TRUE NATURE 360 St"
                                                                            aria-label="image" loading="lazy"
                                                                            decoding="async" data-nimg="intrinsic"
                                                                            style="position:absolute;top:0;left:0;bottom:0;right:0;box-sizing:border-box;padding:0;border:none;margin:auto;display:block;width:0;height:0;min-width:100%;max-width:100%;min-height:100%;max-height:100%"
                                                                            class=" "
                                                                            src="https://statics.docmorris.de/static/produkte/CCCR4MLF/docmorris/ps1000/glucosamin-chondroitin-360-kapseln-true-nature-360-CCCR4MLF-default-1720597612423909.jpeg" /></noscript></span><span
                                                                    data-testid="skeleton"
                                                                    class="Skeleton_skeletonbox__Ae1Fg Skeleton_skeletonAnimation__mxWPc"
                                                                    style="width:180px;height:180px;position:absolute"></span>
                                                            </div>
                                                        </div>
                                                    </div>
                                                    <div class="relative flex min-w-0 flex-1 flex-col">
                                                        <div class="flex flex-col justify-between">
                                                            <p data-testid="product-name"
                                                                title="Glucosamin &amp; Chondroitin - 360 Kapseln - TRUE NATURE 360 St"
                                                                class="text-grey-1 hover:text-grey-1 focus:text-grey-1 mb-0 line-clamp-2 h-[3.125rem] max-w-[13rem] break-words text-base font-semibold leading-6 focus-within:no-underline focus-within:outline-transparent focus:underline">
                                                                Glucosamin &amp; Chondroitin - 360 Kapseln - TRUE NATURE
                                                                360 St</p>
                                                            <div
                                                                class="leading-2xl text-grey-2 h-[1.125rem] truncate text-xs font-semibold">
                                                                <span>360 St</span><span> • <!-- -->Kapseln</span>
                                                            </div>
                                                            <div title=""
                                                                class="text-grey-2 w-[95%] overflow-hidden truncate text-xs font-semibold leading-5">
                                                                <span></span>
                                                            </div>
                                                            <div class="bold flex h-5 items-center text-sm">
                                                                <div class="rating-stars_ratingStars__0zPR5">
                                                                    <div title="Glucosamin &amp; Chondroitin - 360 Kapseln - TRUE NATURE 360 St rating"
                                                                        class="rating-stars_stars__TQWHl rating-stars_zeroReviews__0xn8p">
                                                                        <svg xmlns="http://www.w3.org/2000/svg"
                                                                            viewBox="0 0 100 100" width="1rem"
                                                                            id="LEGACY_star-0-percent"
                                                                            aria-label="LEGACY_star-0-percent"
                                                                            role="img">
                                                                            <path fill="currentColor"
                                                                                d="M49.5 15.682 59 38.104l.981 2.315 2.5.214 24.32 2.062-18.467 16-1.9 1.646.573 2.45 5.546 23.775-20.9-12.615-2.152-1.3-2.155 1.3-20.9 12.618 5.546-23.778.573-2.45-1.9-1.646-18.47-16 24.32-2.062 2.506-.214.979-2.315 9.5-22.418m0-10.682L36.16 36.48l-34.162 2.9 25.935 22.465-7.794 33.4L49.5 77.515l29.36 17.72-7.794-33.395 25.932-22.465-34.159-2.9L49.5 5.004z">
                                                                            </path>
                                                                        </svg><svg xmlns="http://www.w3.org/2000/svg"
                                                                            viewBox="0 0 100 100" width="1rem"
                                                                            id="LEGACY_star-0-percent"
                                                                            aria-label="LEGACY_star-0-percent"
                                                                            role="img">
                                                                            <path fill="currentColor"
                                                                                d="M49.5 15.682 59 38.104l.981 2.315 2.5.214 24.32 2.062-18.467 16-1.9 1.646.573 2.45 5.546 23.775-20.9-12.615-2.152-1.3-2.155 1.3-20.9 12.618 5.546-23.778.573-2.45-1.9-1.646-18.47-16 24.32-2.062 2.506-.214.979-2.315 9.5-22.418m0-10.682L36.16 36.48l-34.162 2.9 25.935 22.465-7.794 33.4L49.5 77.515l29.36 17.72-7.794-33.395 25.932-22.465-34.159-2.9L49.5 5.004z">
                                                                            </path>
                                                                        </svg><svg xmlns="http://www.w3.org/2000/svg"
                                                                            viewBox="0 0 100 100" width="1rem"
                                                                            id="LEGACY_star-0-percent"
                                                                            aria-label="LEGACY_star-0-percent"
                                                                            role="img">
                                                                            <path fill="currentColor"
                                                                                d="M49.5 15.682 59 38.104l.981 2.315 2.5.214 24.32 2.062-18.467 16-1.9 1.646.573 2.45 5.546 23.775-20.9-12.615-2.152-1.3-2.155 1.3-20.9 12.618 5.546-23.778.573-2.45-1.9-1.646-18.47-16 24.32-2.062 2.506-.214.979-2.315 9.5-22.418m0-10.682L36.16 36.48l-34.162 2.9 25.935 22.465-7.794 33.4L49.5 77.515l29.36 17.72-7.794-33.395 25.932-22.465-34.159-2.9L49.5 5.004z">
                                                                            </path>
                                                                        </svg><svg xmlns="http://www.w3.org/2000/svg"
                                                                            viewBox="0 0 100 100" width="1rem"
                                                                            id="LEGACY_star-0-percent"
                                                                            aria-label="LEGACY_star-0-percent"
                                                                            role="img">
                                                                            <path fill="currentColor"
                                                                                d="M49.5 15.682 59 38.104l.981 2.315 2.5.214 24.32 2.062-18.467 16-1.9 1.646.573 2.45 5.546 23.775-20.9-12.615-2.152-1.3-2.155 1.3-20.9 12.618 5.546-23.778.573-2.45-1.9-1.646-18.47-16 24.32-2.062 2.506-.214.979-2.315 9.5-22.418m0-10.682L36.16 36.48l-34.162 2.9 25.935 22.465-7.794 33.4L49.5 77.515l29.36 17.72-7.794-33.395 25.932-22.465-34.159-2.9L49.5 5.004z">
                                                                            </path>
                                                                        </svg><svg xmlns="http://www.w3.org/2000/svg"
                                                                            viewBox="0 0 100 100" width="1rem"
                                                                            id="LEGACY_star-0-percent"
                                                                            aria-label="LEGACY_star-0-percent"
                                                                            role="img">
                                                                            <path fill="currentColor"
                                                                                d="M49.5 15.682 59 38.104l.981 2.315 2.5.214 24.32 2.062-18.467 16-1.9 1.646.573 2.45 5.546 23.775-20.9-12.615-2.152-1.3-2.155 1.3-20.9 12.618 5.546-23.778.573-2.45-1.9-1.646-18.47-16 24.32-2.062 2.506-.214.979-2.315 9.5-22.418m0-10.682L36.16 36.48l-34.162 2.9 25.935 22.465-7.794 33.4L49.5 77.515l29.36 17.72-7.794-33.395 25.932-22.465-34.159-2.9L49.5 5.004z">
                                                                            </path>
                                                                        </svg>
                                                                    </div>
                                                                    <div><span
                                                                            class="leading-xl ml-1 text-sm">(<!-- -->0<!-- -->)</span>
                                                                    </div>
                                                                </div>
                                                            </div>
                                                            <div class="mt-2 md:mt-4">
                                                                <div class="h-4 w-[60%]"></div>
                                                                <div class="flex pb-4">
                                                                    <div class="mr-1"></div>
                                                                    <div class="flex text-grey-1 whitespace-nowrap leading-price text-[1.625rem] mt-[0.125rem]"
                                                                        data-testid="sales-price"><span
                                                                            class="sr-only">Verkaufspreis<!-- -->:<span>28,99 €</span></span><span
                                                                            aria-hidden="true"
                                                                            class="font-bold">28<!-- -->,</span>
                                                                        <div class="flex flex-col justify-between"><sup
                                                                                aria-hidden="true"
                                                                                class="top-0 -translate-x-[0.5em] text-[45%] font-bold leading-none">99 €</sup>
                                                                            <div class="translate-y-[10%] pl-1">
                                                                                <div class="text-2xs leading-4xl whitespace-nowrap text-grey-2 tracking-[0.14px]"
                                                                                    data-testid="base-price"><span
                                                                                        class="sr-only">Grundpreis<!-- -->:</span><span>87,58
                                                                                        €/kg</span></div>
                                                                            </div>
                                                                        </div>
                                                                    </div>
                                                                </div>
                                                                <div
                                                                    class="h-4 font-base text-2xs leading-5xl text-grey-2">
                                                                </div>
                                                                <div class="mt-3">
                                                                    <div class="flex text-center w-full"
                                                                        data-testid="add-to-cart-cta"><button
                                                                            aria-disabled="false" type="button"
                                                                            data-testid="add_to_cart_button"
                                                                            class="font-semibold md:inline-flex flex items-center justify-center rounded-lg cursor-pointer px-4 min-w-[6.5rem] h-12 select-none disabled:opacity-40 disabled:cursor-default gap-2 border border-solid border-trust-green bg-transparent text-trust-green hover:[&amp;:not(:disabled)]:bg-transparent hover:[&amp;:not(:disabled)]:border-balance-green hover:[&amp;:not(:disabled)]:text-balance-green focus:[&amp;:not(:disabled)]:bg-transparent focus:[&amp;:not(:disabled)]:border-balance-green focus:[&amp;:not(:disabled)]:text-trust-green w-full"
                                                                            aria-label="In den Warenkorb"><span
                                                                                class="">In den
                                                                                Warenkorb</span></button></div>
                                                                </div>
                                                            </div>
                                                        </div>
                                                        <div
                                                            class="mt-1 text-right font-base text-2xs leading-5xl text-grey-2">
                                                            Gesponsert</div>
                                                    </div>
                                                </a></div>
                                        </div>
                                    </li>
                                    <li class="splide__slide">
                                        <div class="mx-5 mb-6 mt-4 max-w-[226px]">
                                            <div class="h-full"><a data-testid="product-card-sponsored"
                                                    aria-label="Thomapyrin Tension DUO Doppelpack 36 St"
                                                    class="hover:shadow-card relative flex h-full max-w-full cursor-pointer flex-col rounded-lg px-4 pb-2 hover:outline-transparent focus:outline-transparent sm:pt-2"
                                                    href="/thomapyrin-tension-duo-doppelpack-36-st/08067050">
                                                    <div data-testid="product-details"
                                                        class="relative flex flex-col justify-between pt-4">
                                                        <div class="flex justify-center">
                                                            <div
                                                                class="relative overflow-hidden ImageSource_image__mca28">
                                                                <span
                                                                    style="box-sizing:border-box;display:inline-block;overflow:hidden;width:initial;height:initial;background:none;opacity:1;border:0;margin:0;padding:0;position:relative;max-width:100%"><span
                                                                        style="box-sizing:border-box;display:block;width:initial;height:initial;background:none;opacity:1;border:0;margin:0;padding:0;max-width:100%"><img
                                                                            style="display:block;max-width:100%;width:initial;height:initial;background:none;opacity:1;border:0;margin:0;padding:0"
                                                                            alt="" aria-hidden="true"
                                                                            src="data:image/svg+xml,%3csvg%20xmlns=%27http://www.w3.org/2000/svg%27%20version=%271.1%27%20width=%27180%27%20height=%27180%27/%3e" /></span><img
                                                                        alt="Thomapyrin Tension DUO Doppelpack 36 St"
                                                                        title="Thomapyrin Tension DUO Doppelpack 36 St"
                                                                        aria-label="image"
                                                                        src="data:image/gif;base64,R0lGODlhAQABAIAAAAAAAP///yH5BAEAAAAALAAAAAABAAEAAAIBRAA7"
                                                                        decoding="async" data-nimg="intrinsic" class=" "
                                                                        style="position:absolute;top:0;left:0;bottom:0;right:0;box-sizing:border-box;padding:0;border:none;margin:auto;display:block;width:0;height:0;min-width:100%;max-width:100%;min-height:100%;max-height:100%" /><noscript><img
                                                                            alt="Thomapyrin Tension DUO Doppelpack 36 St"
                                                                            title="Thomapyrin Tension DUO Doppelpack 36 St"
                                                                            aria-label="image" loading="lazy"
                                                                            decoding="async" data-nimg="intrinsic"
                                                                            style="position:absolute;top:0;left:0;bottom:0;right:0;box-sizing:border-box;padding:0;border:none;margin:auto;display:block;width:0;height:0;min-width:100%;max-width:100%;min-height:100%;max-height:100%"
                                                                            class=" "
                                                                            src="https://statics.docmorris.de/static/produkte/XPC48XV3/docmorris/ps1000/thomapyrin-tension-duo-doppelpack-36-st-08067050-0-1724136239814491.jpg" /></noscript></span><span
                                                                    data-testid="skeleton"
                                                                    class="Skeleton_skeletonbox__Ae1Fg Skeleton_skeletonAnimation__mxWPc"
                                                                    style="width:180px;height:180px;position:absolute"></span>
                                                            </div>
                                                        </div>
                                                    </div>
                                                    <div class="relative flex min-w-0 flex-1 flex-col">
                                                        <div class="flex flex-col justify-between">
                                                            <p data-testid="product-name"
                                                                title="Thomapyrin Tension DUO Doppelpack 36 St"
                                                                class="text-grey-1 hover:text-grey-1 focus:text-grey-1 mb-0 line-clamp-2 h-[3.125rem] max-w-[13rem] break-words text-base font-semibold leading-6 focus-within:no-underline focus-within:outline-transparent focus:underline">
                                                                Thomapyrin Tension DUO Doppelpack 36 St</p>
                                                            <div
                                                                class="leading-2xl text-grey-2 h-[1.125rem] truncate text-xs font-semibold">
                                                                <span>36 St</span><span> • <!-- -->Filmtabletten</span>
                                                            </div>
                                                            <div title="Sanofi-Aventis Deutschland GmbH GB Selbstmedikatio"
                                                                class="text-grey-2 w-[95%] overflow-hidden truncate text-xs font-semibold leading-5">
                                                                <span>Sanofi-Aventis Deutschland GmbH GB
                                                                    Selbstmedikatio</span>
                                                            </div>
                                                            <div class="bold flex h-5 items-center text-sm">
                                                                <div class="rating-stars_ratingStars__0zPR5">
                                                                    <div title="Thomapyrin Tension DUO Doppelpack 36 St rating"
                                                                        class="rating-stars_stars__TQWHl"><svg
                                                                            xmlns="http://www.w3.org/2000/svg"
                                                                            viewBox="0 0 100 100" width="1rem"
                                                                            id="LEGACY_star-100-percent"
                                                                            aria-label="LEGACY_star-100-percent"
                                                                            role="img">
                                                                            <path fill="currentColor"
                                                                                d="m98 39.373-34.162-2.9L50.502 4.995l-13.34 31.486L3 39.381 28.933 61.85l-7.792 33.39 29.36-17.718 29.36 17.718-7.792-33.4z">
                                                                            </path>
                                                                        </svg><svg xmlns="http://www.w3.org/2000/svg"
                                                                            viewBox="0 0 100 100" width="1rem"
                                                                            id="LEGACY_star-100-percent"
                                                                            aria-label="LEGACY_star-100-percent"
                                                                            role="img">
                                                                            <path fill="currentColor"
                                                                                d="m98 39.373-34.162-2.9L50.502 4.995l-13.34 31.486L3 39.381 28.933 61.85l-7.792 33.39 29.36-17.718 29.36 17.718-7.792-33.4z">
                                                                            </path>
                                                                        </svg><svg xmlns="http://www.w3.org/2000/svg"
                                                                            viewBox="0 0 100 100" width="1rem"
                                                                            id="LEGACY_star-100-percent"
                                                                            aria-label="LEGACY_star-100-percent"
                                                                            role="img">
                                                                            <path fill="currentColor"
                                                                                d="m98 39.373-34.162-2.9L50.502 4.995l-13.34 31.486L3 39.381 28.933 61.85l-7.792 33.39 29.36-17.718 29.36 17.718-7.792-33.4z">
                                                                            </path>
                                                                        </svg><svg xmlns="http://www.w3.org/2000/svg"
                                                                            viewBox="0 0 100 100" width="1rem"
                                                                            id="LEGACY_star-100-percent"
                                                                            aria-label="LEGACY_star-100-percent"
                                                                            role="img">
                                                                            <path fill="currentColor"
                                                                                d="m98 39.373-34.162-2.9L50.502 4.995l-13.34 31.486L3 39.381 28.933 61.85l-7.792 33.39 29.36-17.718 29.36 17.718-7.792-33.4z">
                                                                            </path>
                                                                        </svg><svg xmlns="http://www.w3.org/2000/svg"
                                                                            viewBox="0 0 100 100" width="1rem"
                                                                            id="LEGACY_star-75-percent"
                                                                            aria-label="LEGACY_star-75-percent"
                                                                            role="img">
                                                                            <defs>
                                                                                <clipPath id="a">
                                                                                    <path fill="none"
                                                                                        d="M60.841 31.473 47.5 0 34.159 31.473 0 34.373l25.933 22.464-7.793 33.4L47.5 72.516l29.357 17.718-7.79-33.394L95 34.376z">
                                                                                    </path>
                                                                                </clipPath>
                                                                            </defs>
                                                                            <path fill="currentColor"
                                                                                d="M50.5 15.683 60 38.102l.979 2.315 2.5.211L87.8 42.693l-18.469 16-1.9 1.646.574 2.45 5.548 23.775-20.906-12.615-2.152-1.3-2.152 1.3-20.9 12.615 5.548-23.775.571-2.45-1.9-1.646-18.467-16 24.318-2.065 2.5-.211.982-2.315 9.5-22.419m0-10.679L37.157 36.477l-34.162 2.9 25.933 22.464-7.79 33.4L50.495 77.52l29.36 17.718-7.793-33.394L97.995 39.38l-34.162-2.9L50.495 5.007z">
                                                                            </path>
                                                                            <g clip-path="url(#a)"
                                                                                transform="translate(3 5.001)">
                                                                                <path fill="currentColor"
                                                                                    d="M-39.425-24.155h97.408V96.303h-97.408z">
                                                                                </path>
                                                                            </g>
                                                                        </svg></div>
                                                                    <div><span
                                                                            class="leading-xl ml-1 text-sm">(<!-- -->141<!-- -->)</span>
                                                                    </div>
                                                                </div>
                                                            </div>
                                                            <div class="mt-2 md:mt-4">
                                                                <div class="h-4 w-[60%]"></div>
                                                                <div class="flex pb-4">
                                                                    <div class="mr-1">
                                                                        <div><span class="sr-only">Rabattstempel</span>
                                                                            <div
                                                                                class="flex items-center justify-center text-right whitespace-nowrap select-none rounded leading-2xl min-w-[2.5rem] max-w-[17.5rem] bg-magenta text-white">
                                                                                <div role="status"
                                                                                    class="inline-flex items-center text-xs px-2 py-1 font-semibold">
                                                                                    <span>-37%</span>
                                                                                </div>
                                                                            </div>
                                                                        </div>
                                                                    </div>
                                                                    <div class="flex text-grey-1 whitespace-nowrap leading-price text-[1.625rem] mt-[0.125rem]"
                                                                        data-testid="sales-price"><span
                                                                            class="sr-only">Verkaufspreis<!-- -->:<span>13,19 €</span></span><span
                                                                            aria-hidden="true"
                                                                            class="font-bold">13<!-- -->,</span>
                                                                        <div class="flex flex-col justify-between"><sup
                                                                                aria-hidden="true"
                                                                                class="top-0 -translate-x-[0.5em] text-[45%] font-bold leading-none">19 €</sup>
                                                                            <div class="translate-y-[10%] pl-1">
                                                                                <div class="text-2xs leading-4xl whitespace-nowrap text-grey-2 tracking-[0.14px]"
                                                                                    data-testid="base-price"><span
                                                                                        class="sr-only">Grundpreis<!-- -->:</span><span>0,37
                                                                                        €/St</span></div>
                                                                            </div>
                                                                        </div>
                                                                    </div>
                                                                </div>
                                                                <div
                                                                    class="h-4 font-base text-2xs leading-5xl text-grey-2">
                                                                </div>
                                                                <div class="mt-3">
                                                                    <div class="flex text-center w-full"
                                                                        data-testid="add-to-cart-cta"><button
                                                                            aria-disabled="false" type="button"
                                                                            data-testid="add_to_cart_button"
                                                                            class="font-semibold md:inline-flex flex items-center justify-center rounded-lg cursor-pointer px-4 min-w-[6.5rem] h-12 select-none disabled:opacity-40 disabled:cursor-default gap-2 border border-solid border-trust-green bg-transparent text-trust-green hover:[&amp;:not(:disabled)]:bg-transparent hover:[&amp;:not(:disabled)]:border-balance-green hover:[&amp;:not(:disabled)]:text-balance-green focus:[&amp;:not(:disabled)]:bg-transparent focus:[&amp;:not(:disabled)]:border-balance-green focus:[&amp;:not(:disabled)]:text-trust-green w-full"
                                                                            aria-label="In den Warenkorb"><span
                                                                                class="">In den
                                                                                Warenkorb</span></button></div>
                                                                </div>
                                                            </div>
                                                        </div>
                                                        <div
                                                            class="mt-1 text-right font-base text-2xs leading-5xl text-grey-2">
                                                            Gesponsert</div>
                                                    </div>
                                                </a></div>
                                        </div>
                                    </li>
                                    <li class="splide__slide">
                                        <div class="mx-5 mb-6 mt-4 max-w-[226px]">
                                            <div class="h-full"><a data-testid="product-card-sponsored"
                                                    aria-label="Hansaplast med ABC Wärme-Pflaster mit Sensitiv-Vlies 4 St"
                                                    class="hover:shadow-card relative flex h-full max-w-full cursor-pointer flex-col rounded-lg px-4 pb-2 hover:outline-transparent focus:outline-transparent sm:pt-2"
                                                    href="/hansaplast-med-abc-waermepflaster-mit-sensitivvlies-4-st/01033409">
                                                    <div data-testid="product-details"
                                                        class="relative flex flex-col justify-between pt-4">
                                                        <div class="flex justify-center">
                                                            <div
                                                                class="relative overflow-hidden ImageSource_image__mca28">
                                                                <span
                                                                    style="box-sizing:border-box;display:inline-block;overflow:hidden;width:initial;height:initial;background:none;opacity:1;border:0;margin:0;padding:0;position:relative;max-width:100%"><span
                                                                        style="box-sizing:border-box;display:block;width:initial;height:initial;background:none;opacity:1;border:0;margin:0;padding:0;max-width:100%"><img
                                                                            style="display:block;max-width:100%;width:initial;height:initial;background:none;opacity:1;border:0;margin:0;padding:0"
                                                                            alt="" aria-hidden="true"
                                                                            src="data:image/svg+xml,%3csvg%20xmlns=%27http://www.w3.org/2000/svg%27%20version=%271.1%27%20width=%27180%27%20height=%27180%27/%3e" /></span><img
                                                                        alt="Hansaplast med ABC Wärme-Pflaster mit Sensitiv-Vlies 4 St"
                                                                        title="Hansaplast med ABC Wärme-Pflaster mit Sensitiv-Vlies 4 St"
                                                                        aria-label="image"
                                                                        src="data:image/gif;base64,R0lGODlhAQABAIAAAAAAAP///yH5BAEAAAAALAAAAAABAAEAAAIBRAA7"
                                                                        decoding="async" data-nimg="intrinsic" class=" "
                                                                        style="position:absolute;top:0;left:0;bottom:0;right:0;box-sizing:border-box;padding:0;border:none;margin:auto;display:block;width:0;height:0;min-width:100%;max-width:100%;min-height:100%;max-height:100%" /><noscript><img
                                                                            alt="Hansaplast med ABC Wärme-Pflaster mit Sensitiv-Vlies 4 St"
                                                                            title="Hansaplast med ABC Wärme-Pflaster mit Sensitiv-Vlies 4 St"
                                                                            aria-label="image" loading="lazy"
                                                                            decoding="async" data-nimg="intrinsic"
                                                                            style="position:absolute;top:0;left:0;bottom:0;right:0;box-sizing:border-box;padding:0;border:none;margin:auto;display:block;width:0;height:0;min-width:100%;max-width:100%;min-height:100%;max-height:100%"
                                                                            class=" "
                                                                            src="https://statics.docmorris.de/static/produkte/FX5UH3T0/docmorris/ps1000/hansaplast-med-abc-waerme-pflaster-mit-sensitiv-vl-01033409-0-1713968312746982.jpeg" /></noscript></span><span
                                                                    data-testid="skeleton"
                                                                    class="Skeleton_skeletonbox__Ae1Fg Skeleton_skeletonAnimation__mxWPc"
                                                                    style="width:180px;height:180px;position:absolute"></span>
                                                            </div>
                                                        </div>
                                                    </div>
                                                    <div class="relative flex min-w-0 flex-1 flex-col">
                                                        <div class="flex flex-col justify-between">
                                                            <p data-testid="product-name"
                                                                title="Hansaplast med ABC Wärme-Pflaster mit Sensitiv-Vlies 4 St"
                                                                class="text-grey-1 hover:text-grey-1 focus:text-grey-1 mb-0 line-clamp-2 h-[3.125rem] max-w-[13rem] break-words text-base font-semibold leading-6 focus-within:no-underline focus-within:outline-transparent focus:underline">
                                                                Hansaplast med ABC Wärme-Pflaster mit Sensitiv-Vlies 4
                                                                St</p>
                                                            <div
                                                                class="leading-2xl text-grey-2 h-[1.125rem] truncate text-xs font-semibold">
                                                                <span>4 St</span><span> • <!-- -->Pflaster</span>
                                                            </div>
                                                            <div title="Beiersdorf AG"
                                                                class="text-grey-2 w-[95%] overflow-hidden truncate text-xs font-semibold leading-5">
                                                                <span>Beiersdorf AG</span>
                                                            </div>
                                                            <div class="bold flex h-5 items-center text-sm">
                                                                <div class="rating-stars_ratingStars__0zPR5">
                                                                    <div title="Hansaplast med ABC Wärme-Pflaster mit Sensitiv-Vlies 4 St rating"
                                                                        class="rating-stars_stars__TQWHl"><svg
                                                                            xmlns="http://www.w3.org/2000/svg"
                                                                            viewBox="0 0 100 100" width="1rem"
                                                                            id="LEGACY_star-100-percent"
                                                                            aria-label="LEGACY_star-100-percent"
                                                                            role="img">
                                                                            <path fill="currentColor"
                                                                                d="m98 39.373-34.162-2.9L50.502 4.995l-13.34 31.486L3 39.381 28.933 61.85l-7.792 33.39 29.36-17.718 29.36 17.718-7.792-33.4z">
                                                                            </path>
                                                                        </svg><svg xmlns="http://www.w3.org/2000/svg"
                                                                            viewBox="0 0 100 100" width="1rem"
                                                                            id="LEGACY_star-100-percent"
                                                                            aria-label="LEGACY_star-100-percent"
                                                                            role="img">
                                                                            <path fill="currentColor"
                                                                                d="m98 39.373-34.162-2.9L50.502 4.995l-13.34 31.486L3 39.381 28.933 61.85l-7.792 33.39 29.36-17.718 29.36 17.718-7.792-33.4z">
                                                                            </path>
                                                                        </svg><svg xmlns="http://www.w3.org/2000/svg"
                                                                            viewBox="0 0 100 100" width="1rem"
                                                                            id="LEGACY_star-100-percent"
                                                                            aria-label="LEGACY_star-100-percent"
                                                                            role="img">
                                                                            <path fill="currentColor"
                                                                                d="m98 39.373-34.162-2.9L50.502 4.995l-13.34 31.486L3 39.381 28.933 61.85l-7.792 33.39 29.36-17.718 29.36 17.718-7.792-33.4z">
                                                                            </path>
                                                                        </svg><svg xmlns="http://www.w3.org/2000/svg"
                                                                            viewBox="0 0 100 100" width="1rem"
                                                                            id="LEGACY_star-100-percent"
                                                                            aria-label="LEGACY_star-100-percent"
                                                                            role="img">
                                                                            <path fill="currentColor"
                                                                                d="m98 39.373-34.162-2.9L50.502 4.995l-13.34 31.486L3 39.381 28.933 61.85l-7.792 33.39 29.36-17.718 29.36 17.718-7.792-33.4z">
                                                                            </path>
                                                                        </svg><svg xmlns="http://www.w3.org/2000/svg"
                                                                            viewBox="0 0 100 100" width="1rem"
                                                                            id="LEGACY_star-50-percent"
                                                                            aria-label="LEGACY_star-50-percent"
                                                                            role="img">
                                                                            <defs>
                                                                                <clipPath id="a">
                                                                                    <path fill="none"
                                                                                        d="M60.838 31.473 47.498 0l-13.34 31.473-34.159 2.9 25.932 22.465-7.791 33.4 29.357-17.72 29.357 17.717-7.788-33.395 25.932-22.465z">
                                                                                    </path>
                                                                                </clipPath>
                                                                            </defs>
                                                                            <path fill="currentColor"
                                                                                d="m50.499 15.679 9.5 22.42.981 2.312 2.5.214L87.8 42.69l-18.467 16-1.9 1.646.57 2.45 5.549 23.774-20.9-12.615-2.155-1.3-2.152 1.3-20.9 12.618 5.549-23.777.57-2.45-1.9-1.646-18.467-16 24.319-2.065 2.5-.214.981-2.312 9.5-22.42m0-10.679-13.34 31.473-34.159 2.9L28.93 61.838l-7.791 33.4 29.357-17.72 29.36 17.717-7.791-33.395 25.932-22.465-34.162-2.9-13.34-31.473z">
                                                                            </path>
                                                                            <g clip-path="url(#a)"
                                                                                transform="translate(3 5)">
                                                                                <path fill="currentColor"
                                                                                    d="M-27.726-24.617H47.5V99.42h-75.226z">
                                                                                </path>
                                                                            </g>
                                                                        </svg></div>
                                                                    <div><span
                                                                            class="leading-xl ml-1 text-sm">(<!-- -->52<!-- -->)</span>
                                                                    </div>
                                                                </div>
                                                            </div>
                                                            <div class="mt-2 md:mt-4">
                                                                <div class="h-4 w-[60%]"></div>
                                                                <div class="flex pb-4">
                                                                    <div class="mr-1">
                                                                        <div><span class="sr-only">Rabattstempel</span>
                                                                            <div
                                                                                class="flex items-center justify-center text-right whitespace-nowrap select-none rounded leading-2xl min-w-[2.5rem] max-w-[17.5rem] bg-magenta text-white">
                                                                                <div role="status"
                                                                                    class="inline-flex items-center text-xs px-2 py-1 font-semibold">
                                                                                    <span>-27%</span>
                                                                                </div>
                                                                            </div>
                                                                        </div>
                                                                    </div>
                                                                    <div class="flex text-grey-1 whitespace-nowrap leading-price text-[1.625rem] mt-[0.125rem]"
                                                                        data-testid="sales-price"><span
                                                                            class="sr-only">Verkaufspreis<!-- -->:<span>8,32 €</span></span><span
                                                                            aria-hidden="true"
                                                                            class="font-bold">8<!-- -->,</span>
                                                                        <div class="flex flex-col justify-between"><sup
                                                                                aria-hidden="true"
                                                                                class="top-0 -translate-x-[0.5em] text-[45%] font-bold leading-none">32 €</sup>
                                                                            <div class="translate-y-[10%] pl-1">
                                                                                <div class="text-2xs leading-4xl whitespace-nowrap text-grey-2 tracking-[0.14px]"
                                                                                    data-testid="base-price"><span
                                                                                        class="sr-only">Grundpreis<!-- -->:</span><span>2,75
                                                                                        €/St</span></div>
                                                                            </div>
                                                                        </div>
                                                                    </div>
                                                                </div>
                                                                <div
                                                                    class="h-4 font-base text-2xs leading-5xl text-grey-2">
                                                                </div>
                                                                <div class="mt-3">
                                                                    <div class="flex text-center w-full"
                                                                        data-testid="add-to-cart-cta"><button
                                                                            aria-disabled="false" type="button"
                                                                            data-testid="add_to_cart_button"
                                                                            class="font-semibold md:inline-flex flex items-center justify-center rounded-lg cursor-pointer px-4 min-w-[6.5rem] h-12 select-none disabled:opacity-40 disabled:cursor-default gap-2 border border-solid border-trust-green bg-transparent text-trust-green hover:[&amp;:not(:disabled)]:bg-transparent hover:[&amp;:not(:disabled)]:border-balance-green hover:[&amp;:not(:disabled)]:text-balance-green focus:[&amp;:not(:disabled)]:bg-transparent focus:[&amp;:not(:disabled)]:border-balance-green focus:[&amp;:not(:disabled)]:text-trust-green w-full"
                                                                            aria-label="In den Warenkorb"><span
                                                                                class="">In den
                                                                                Warenkorb</span></button></div>
                                                                </div>
                                                            </div>
                                                        </div>
                                                        <div
                                                            class="mt-1 text-right font-base text-2xs leading-5xl text-grey-2">
                                                            Gesponsert</div>
                                                    </div>
                                                </a></div>
                                        </div>
                                    </li>
                                    <li class="splide__slide">
                                        <div class="mx-5 mb-6 mt-4 max-w-[226px]">
                                            <div class="h-full"><a data-testid="product-card-sponsored"
                                                    aria-label="Magnesium-Diasporal 400 EXTRA 50 St"
                                                    class="hover:shadow-card relative flex h-full max-w-full cursor-pointer flex-col rounded-lg px-4 pb-2 hover:outline-transparent focus:outline-transparent sm:pt-2"
                                                    href="/magnesiumdiasporal-400-extra-50-st/03355608">
                                                    <div data-testid="product-details"
                                                        class="relative flex flex-col justify-between pt-4">
                                                        <div class="flex justify-center">
                                                            <div
                                                                class="relative overflow-hidden ImageSource_image__mca28">
                                                                <span
                                                                    style="box-sizing:border-box;display:inline-block;overflow:hidden;width:initial;height:initial;background:none;opacity:1;border:0;margin:0;padding:0;position:relative;max-width:100%"><span
                                                                        style="box-sizing:border-box;display:block;width:initial;height:initial;background:none;opacity:1;border:0;margin:0;padding:0;max-width:100%"><img
                                                                            style="display:block;max-width:100%;width:initial;height:initial;background:none;opacity:1;border:0;margin:0;padding:0"
                                                                            alt="" aria-hidden="true"
                                                                            src="data:image/svg+xml,%3csvg%20xmlns=%27http://www.w3.org/2000/svg%27%20version=%271.1%27%20width=%27180%27%20height=%27180%27/%3e" /></span><img
                                                                        alt="Magnesium-Diasporal 400 EXTRA 50 St"
                                                                        title="Magnesium-Diasporal 400 EXTRA 50 St"
                                                                        aria-label="image"
                                                                        src="data:image/gif;base64,R0lGODlhAQABAIAAAAAAAP///yH5BAEAAAAALAAAAAABAAEAAAIBRAA7"
                                                                        decoding="async" data-nimg="intrinsic" class=" "
                                                                        style="position:absolute;top:0;left:0;bottom:0;right:0;box-sizing:border-box;padding:0;border:none;margin:auto;display:block;width:0;height:0;min-width:100%;max-width:100%;min-height:100%;max-height:100%" /><noscript><img
                                                                            alt="Magnesium-Diasporal 400 EXTRA 50 St"
                                                                            title="Magnesium-Diasporal 400 EXTRA 50 St"
                                                                            aria-label="image" loading="lazy"
                                                                            decoding="async" data-nimg="intrinsic"
                                                                            style="position:absolute;top:0;left:0;bottom:0;right:0;box-sizing:border-box;padding:0;border:none;margin:auto;display:block;width:0;height:0;min-width:100%;max-width:100%;min-height:100%;max-height:100%"
                                                                            class=" "
                                                                            src="https://statics.docmorris.de/static/produkte/FX5GMG5E/docmorris/ps1000/magnesium-diasporal-400-extra-50-st-03355608-0-1714024227615197.jpeg" /></noscript></span><span
                                                                    data-testid="skeleton"
                                                                    class="Skeleton_skeletonbox__Ae1Fg Skeleton_skeletonAnimation__mxWPc"
                                                                    style="width:180px;height:180px;position:absolute"></span>
                                                            </div>
                                                        </div>
                                                    </div>
                                                    <div class="relative flex min-w-0 flex-1 flex-col">
                                                        <div class="flex flex-col justify-between">
                                                            <p data-testid="product-name"
                                                                title="Magnesium-Diasporal 400 EXTRA 50 St"
                                                                class="text-grey-1 hover:text-grey-1 focus:text-grey-1 mb-0 line-clamp-2 h-[3.125rem] max-w-[13rem] break-words text-base font-semibold leading-6 focus-within:no-underline focus-within:outline-transparent focus:underline">
                                                                Magnesium-Diasporal 400 EXTRA 50 St</p>
                                                            <div
                                                                class="leading-2xl text-grey-2 h-[1.125rem] truncate text-xs font-semibold">
                                                                <span>50 St</span><span> • <!-- -->Granulat</span>
                                                            </div>
                                                            <div title="Protina Pharmazeutische GmbH"
                                                                class="text-grey-2 w-[95%] overflow-hidden truncate text-xs font-semibold leading-5">
                                                                <span>Protina Pharmazeutische GmbH</span>
                                                            </div>
                                                            <div class="bold flex h-5 items-center text-sm">
                                                                <div class="rating-stars_ratingStars__0zPR5">
                                                                    <div title="Magnesium-Diasporal 400 EXTRA 50 St rating"
                                                                        class="rating-stars_stars__TQWHl"><svg
                                                                            xmlns="http://www.w3.org/2000/svg"
                                                                            viewBox="0 0 100 100" width="1rem"
                                                                            id="LEGACY_star-100-percent"
                                                                            aria-label="LEGACY_star-100-percent"
                                                                            role="img">
                                                                            <path fill="currentColor"
                                                                                d="m98 39.373-34.162-2.9L50.502 4.995l-13.34 31.486L3 39.381 28.933 61.85l-7.792 33.39 29.36-17.718 29.36 17.718-7.792-33.4z">
                                                                            </path>
                                                                        </svg><svg xmlns="http://www.w3.org/2000/svg"
                                                                            viewBox="0 0 100 100" width="1rem"
                                                                            id="LEGACY_star-100-percent"
                                                                            aria-label="LEGACY_star-100-percent"
                                                                            role="img">
                                                                            <path fill="currentColor"
                                                                                d="m98 39.373-34.162-2.9L50.502 4.995l-13.34 31.486L3 39.381 28.933 61.85l-7.792 33.39 29.36-17.718 29.36 17.718-7.792-33.4z">
                                                                            </path>
                                                                        </svg><svg xmlns="http://www.w3.org/2000/svg"
                                                                            viewBox="0 0 100 100" width="1rem"
                                                                            id="LEGACY_star-100-percent"
                                                                            aria-label="LEGACY_star-100-percent"
                                                                            role="img">
                                                                            <path fill="currentColor"
                                                                                d="m98 39.373-34.162-2.9L50.502 4.995l-13.34 31.486L3 39.381 28.933 61.85l-7.792 33.39 29.36-17.718 29.36 17.718-7.792-33.4z">
                                                                            </path>
                                                                        </svg><svg xmlns="http://www.w3.org/2000/svg"
                                                                            viewBox="0 0 100 100" width="1rem"
                                                                            id="LEGACY_star-100-percent"
                                                                            aria-label="LEGACY_star-100-percent"
                                                                            role="img">
                                                                            <path fill="currentColor"
                                                                                d="m98 39.373-34.162-2.9L50.502 4.995l-13.34 31.486L3 39.381 28.933 61.85l-7.792 33.39 29.36-17.718 29.36 17.718-7.792-33.4z">
                                                                            </path>
                                                                        </svg><svg xmlns="http://www.w3.org/2000/svg"
                                                                            viewBox="0 0 100 100" width="1rem"
                                                                            id="LEGACY_star-100-percent"
                                                                            aria-label="LEGACY_star-100-percent"
                                                                            role="img">
                                                                            <path fill="currentColor"
                                                                                d="m98 39.373-34.162-2.9L50.502 4.995l-13.34 31.486L3 39.381 28.933 61.85l-7.792 33.39 29.36-17.718 29.36 17.718-7.792-33.4z">
                                                                            </path>
                                                                        </svg></div>
                                                                    <div><span
                                                                            class="leading-xl ml-1 text-sm">(<!-- -->27<!-- -->)</span>
                                                                    </div>
                                                                </div>
                                                            </div>
                                                            <div class="mt-2 md:mt-4">
                                                                <div class="h-4 w-[60%]"></div>
                                                                <div class="flex pb-4">
                                                                    <div class="mr-1">
                                                                        <div><span class="sr-only">Rabattstempel</span>
                                                                            <div
                                                                                class="flex items-center justify-center text-right whitespace-nowrap select-none rounded leading-2xl min-w-[2.5rem] max-w-[17.5rem] bg-magenta text-white">
                                                                                <div role="status"
                                                                                    class="inline-flex items-center text-xs px-2 py-1 font-semibold">
                                                                                    <span>-24%</span>
                                                                                </div>
                                                                            </div>
                                                                        </div>
                                                                    </div>
                                                                    <div class="flex text-grey-1 whitespace-nowrap leading-price text-[1.625rem] mt-[0.125rem]"
                                                                        data-testid="sales-price"><span
                                                                            class="sr-only">Verkaufspreis<!-- -->:<span>18,99 €</span></span><span
                                                                            aria-hidden="true"
                                                                            class="font-bold">18<!-- -->,</span>
                                                                        <div class="flex flex-col justify-between"><sup
                                                                                aria-hidden="true"
                                                                                class="top-0 -translate-x-[0.5em] text-[45%] font-bold leading-none">99 €</sup>
                                                                            <div class="translate-y-[10%] pl-1">
                                                                                <div class="text-2xs leading-4xl whitespace-nowrap text-grey-2 tracking-[0.14px]"
                                                                                    data-testid="base-price"><span
                                                                                        class="sr-only">Grundpreis<!-- -->:</span><span>0,38
                                                                                        €/St</span></div>
                                                                            </div>
                                                                        </div>
                                                                    </div>
                                                                </div>
                                                                <div
                                                                    class="h-4 font-base text-2xs leading-5xl text-grey-2">
                                                                </div>
                                                                <div class="mt-3">
                                                                    <div class="flex text-center w-full"
                                                                        data-testid="add-to-cart-cta"><button
                                                                            aria-disabled="false" type="button"
                                                                            data-testid="add_to_cart_button"
                                                                            class="font-semibold md:inline-flex flex items-center justify-center rounded-lg cursor-pointer px-4 min-w-[6.5rem] h-12 select-none disabled:opacity-40 disabled:cursor-default gap-2 border border-solid border-trust-green bg-transparent text-trust-green hover:[&amp;:not(:disabled)]:bg-transparent hover:[&amp;:not(:disabled)]:border-balance-green hover:[&amp;:not(:disabled)]:text-balance-green focus:[&amp;:not(:disabled)]:bg-transparent focus:[&amp;:not(:disabled)]:border-balance-green focus:[&amp;:not(:disabled)]:text-trust-green w-full"
                                                                            aria-label="In den Warenkorb"><span
                                                                                class="">In den
                                                                                Warenkorb</span></button></div>
                                                                </div>
                                                            </div>
                                                        </div>
                                                        <div
                                                            class="mt-1 text-right font-base text-2xs leading-5xl text-grey-2">
                                                            Gesponsert</div>
                                                    </div>
                                                </a></div>
                                        </div>
                                    </li>
                                    <li class="splide__slide">
                                        <div class="mx-5 mb-6 mt-4 max-w-[226px]">
                                            <div class="h-full"><a data-testid="product-card-sponsored"
                                                    aria-label="Magnesium-Diasporal 300 direkt 50 St"
                                                    class="hover:shadow-card relative flex h-full max-w-full cursor-pointer flex-col rounded-lg px-4 pb-2 hover:outline-transparent focus:outline-transparent sm:pt-2"
                                                    href="/magnesiumdiasporal-300-direkt-50-st/05969496">
                                                    <div data-testid="product-details"
                                                        class="relative flex flex-col justify-between pt-4">
                                                        <div class="flex justify-center">
                                                            <div
                                                                class="relative overflow-hidden ImageSource_image__mca28">
                                                                <span
                                                                    style="box-sizing:border-box;display:inline-block;overflow:hidden;width:initial;height:initial;background:none;opacity:1;border:0;margin:0;padding:0;position:relative;max-width:100%"><span
                                                                        style="box-sizing:border-box;display:block;width:initial;height:initial;background:none;opacity:1;border:0;margin:0;padding:0;max-width:100%"><img
                                                                            style="display:block;max-width:100%;width:initial;height:initial;background:none;opacity:1;border:0;margin:0;padding:0"
                                                                            alt="" aria-hidden="true"
                                                                            src="data:image/svg+xml,%3csvg%20xmlns=%27http://www.w3.org/2000/svg%27%20version=%271.1%27%20width=%27180%27%20height=%27180%27/%3e" /></span><img
                                                                        alt="Magnesium-Diasporal 300 direkt 50 St"
                                                                        title="Magnesium-Diasporal 300 direkt 50 St"
                                                                        aria-label="image"
                                                                        src="data:image/gif;base64,R0lGODlhAQABAIAAAAAAAP///yH5BAEAAAAALAAAAAABAAEAAAIBRAA7"
                                                                        decoding="async" data-nimg="intrinsic" class=" "
                                                                        style="position:absolute;top:0;left:0;bottom:0;right:0;box-sizing:border-box;padding:0;border:none;margin:auto;display:block;width:0;height:0;min-width:100%;max-width:100%;min-height:100%;max-height:100%" /><noscript><img
                                                                            alt="Magnesium-Diasporal 300 direkt 50 St"
                                                                            title="Magnesium-Diasporal 300 direkt 50 St"
                                                                            aria-label="image" loading="lazy"
                                                                            decoding="async" data-nimg="intrinsic"
                                                                            style="position:absolute;top:0;left:0;bottom:0;right:0;box-sizing:border-box;padding:0;border:none;margin:auto;display:block;width:0;height:0;min-width:100%;max-width:100%;min-height:100%;max-height:100%"
                                                                            class=" "
                                                                            src="https://statics.docmorris.de/static/produkte/FX5K6C1A/docmorris/ps1000/magnesium-diasporal-300-direkt-50-st-05969496-0-1714028206575751.jpeg" /></noscript></span><span
                                                                    data-testid="skeleton"
                                                                    class="Skeleton_skeletonbox__Ae1Fg Skeleton_skeletonAnimation__mxWPc"
                                                                    style="width:180px;height:180px;position:absolute"></span>
                                                            </div>
                                                        </div>
                                                    </div>
                                                    <div class="relative flex min-w-0 flex-1 flex-col">
                                                        <div class="flex flex-col justify-between">
                                                            <p data-testid="product-name"
                                                                title="Magnesium-Diasporal 300 direkt 50 St"
                                                                class="text-grey-1 hover:text-grey-1 focus:text-grey-1 mb-0 line-clamp-2 h-[3.125rem] max-w-[13rem] break-words text-base font-semibold leading-6 focus-within:no-underline focus-within:outline-transparent focus:underline">
                                                                Magnesium-Diasporal 300 direkt 50 St</p>
                                                            <div
                                                                class="leading-2xl text-grey-2 h-[1.125rem] truncate text-xs font-semibold">
                                                                <span>50 St</span><span> • <!-- -->Granulat</span>
                                                            </div>
                                                            <div title="Protina Pharmazeutische GmbH"
                                                                class="text-grey-2 w-[95%] overflow-hidden truncate text-xs font-semibold leading-5">
                                                                <span>Protina Pharmazeutische GmbH</span>
                                                            </div>
                                                            <div class="bold flex h-5 items-center text-sm">
                                                                <div class="rating-stars_ratingStars__0zPR5">
                                                                    <div title="Magnesium-Diasporal 300 direkt 50 St rating"
                                                                        class="rating-stars_stars__TQWHl"><svg
                                                                            xmlns="http://www.w3.org/2000/svg"
                                                                            viewBox="0 0 100 100" width="1rem"
                                                                            id="LEGACY_star-100-percent"
                                                                            aria-label="LEGACY_star-100-percent"
                                                                            role="img">
                                                                            <path fill="currentColor"
                                                                                d="m98 39.373-34.162-2.9L50.502 4.995l-13.34 31.486L3 39.381 28.933 61.85l-7.792 33.39 29.36-17.718 29.36 17.718-7.792-33.4z">
                                                                            </path>
                                                                        </svg><svg xmlns="http://www.w3.org/2000/svg"
                                                                            viewBox="0 0 100 100" width="1rem"
                                                                            id="LEGACY_star-100-percent"
                                                                            aria-label="LEGACY_star-100-percent"
                                                                            role="img">
                                                                            <path fill="currentColor"
                                                                                d="m98 39.373-34.162-2.9L50.502 4.995l-13.34 31.486L3 39.381 28.933 61.85l-7.792 33.39 29.36-17.718 29.36 17.718-7.792-33.4z">
                                                                            </path>
                                                                        </svg><svg xmlns="http://www.w3.org/2000/svg"
                                                                            viewBox="0 0 100 100" width="1rem"
                                                                            id="LEGACY_star-100-percent"
                                                                            aria-label="LEGACY_star-100-percent"
                                                                            role="img">
                                                                            <path fill="currentColor"
                                                                                d="m98 39.373-34.162-2.9L50.502 4.995l-13.34 31.486L3 39.381 28.933 61.85l-7.792 33.39 29.36-17.718 29.36 17.718-7.792-33.4z">
                                                                            </path>
                                                                        </svg><svg xmlns="http://www.w3.org/2000/svg"
                                                                            viewBox="0 0 100 100" width="1rem"
                                                                            id="LEGACY_star-100-percent"
                                                                            aria-label="LEGACY_star-100-percent"
                                                                            role="img">
                                                                            <path fill="currentColor"
                                                                                d="m98 39.373-34.162-2.9L50.502 4.995l-13.34 31.486L3 39.381 28.933 61.85l-7.792 33.39 29.36-17.718 29.36 17.718-7.792-33.4z">
                                                                            </path>
                                                                        </svg><svg xmlns="http://www.w3.org/2000/svg"
                                                                            viewBox="0 0 100 100" width="1rem"
                                                                            id="LEGACY_star-75-percent"
                                                                            aria-label="LEGACY_star-75-percent"
                                                                            role="img">
                                                                            <defs>
                                                                                <clipPath id="a">
                                                                                    <path fill="none"
                                                                                        d="M60.841 31.473 47.5 0 34.159 31.473 0 34.373l25.933 22.464-7.793 33.4L47.5 72.516l29.357 17.718-7.79-33.394L95 34.376z">
                                                                                    </path>
                                                                                </clipPath>
                                                                            </defs>
                                                                            <path fill="currentColor"
                                                                                d="M50.5 15.683 60 38.102l.979 2.315 2.5.211L87.8 42.693l-18.469 16-1.9 1.646.574 2.45 5.548 23.775-20.906-12.615-2.152-1.3-2.152 1.3-20.9 12.615 5.548-23.775.571-2.45-1.9-1.646-18.467-16 24.318-2.065 2.5-.211.982-2.315 9.5-22.419m0-10.679L37.157 36.477l-34.162 2.9 25.933 22.464-7.79 33.4L50.495 77.52l29.36 17.718-7.793-33.394L97.995 39.38l-34.162-2.9L50.495 5.007z">
                                                                            </path>
                                                                            <g clip-path="url(#a)"
                                                                                transform="translate(3 5.001)">
                                                                                <path fill="currentColor"
                                                                                    d="M-39.425-24.155h97.408V96.303h-97.408z">
                                                                                </path>
                                                                            </g>
                                                                        </svg></div>
                                                                    <div><span
                                                                            class="leading-xl ml-1 text-sm">(<!-- -->14<!-- -->)</span>
                                                                    </div>
                                                                </div>
                                                            </div>
                                                            <div class="mt-2 md:mt-4">
                                                                <div class="h-4 w-[60%]"></div>
                                                                <div class="flex pb-4">
                                                                    <div class="mr-1">
                                                                        <div><span class="sr-only">Rabattstempel</span>
                                                                            <div
                                                                                class="flex items-center justify-center text-right whitespace-nowrap select-none rounded leading-2xl min-w-[2.5rem] max-w-[17.5rem] bg-magenta text-white">
                                                                                <div role="status"
                                                                                    class="inline-flex items-center text-xs px-2 py-1 font-semibold">
                                                                                    <span>-28%</span>
                                                                                </div>
                                                                            </div>
                                                                        </div>
                                                                    </div>
                                                                    <div class="flex text-grey-1 whitespace-nowrap leading-price text-[1.625rem] mt-[0.125rem]"
                                                                        data-testid="sales-price"><span
                                                                            class="sr-only">Verkaufspreis<!-- -->:<span>15,99 €</span></span><span
                                                                            aria-hidden="true"
                                                                            class="font-bold">15<!-- -->,</span>
                                                                        <div class="flex flex-col justify-between"><sup
                                                                                aria-hidden="true"
                                                                                class="top-0 -translate-x-[0.5em] text-[45%] font-bold leading-none">99 €</sup>
                                                                            <div class="translate-y-[10%] pl-1">
                                                                                <div class="text-2xs leading-4xl whitespace-nowrap text-grey-2 tracking-[0.14px]"
                                                                                    data-testid="base-price"><span
                                                                                        class="sr-only">Grundpreis<!-- -->:</span><span>0,32
                                                                                        €/St</span></div>
                                                                            </div>
                                                                        </div>
                                                                    </div>
                                                                </div>
                                                                <div
                                                                    class="h-4 font-base text-2xs leading-5xl text-grey-2">
                                                                </div>
                                                                <div class="mt-3">
                                                                    <div class="flex text-center w-full"
                                                                        data-testid="add-to-cart-cta"><button
                                                                            aria-disabled="false" type="button"
                                                                            data-testid="add_to_cart_button"
                                                                            class="font-semibold md:inline-flex flex items-center justify-center rounded-lg cursor-pointer px-4 min-w-[6.5rem] h-12 select-none disabled:opacity-40 disabled:cursor-default gap-2 border border-solid border-trust-green bg-transparent text-trust-green hover:[&amp;:not(:disabled)]:bg-transparent hover:[&amp;:not(:disabled)]:border-balance-green hover:[&amp;:not(:disabled)]:text-balance-green focus:[&amp;:not(:disabled)]:bg-transparent focus:[&amp;:not(:disabled)]:border-balance-green focus:[&amp;:not(:disabled)]:text-trust-green w-full"
                                                                            aria-label="In den Warenkorb"><span
                                                                                class="">In den
                                                                                Warenkorb</span></button></div>
                                                                </div>
                                                            </div>
                                                        </div>
                                                        <div
                                                            class="mt-1 text-right font-base text-2xs leading-5xl text-grey-2">
                                                            Gesponsert</div>
                                                    </div>
                                                </a></div>
                                        </div>
                                    </li>
                                    <li class="splide__slide">
                                        <div class="mx-5 mb-6 mt-4 max-w-[226px]">
                                            <div class="h-full"><a data-testid="product-card-sponsored"
                                                    aria-label="MAGNESIUM Oxid 400 mg Extra 120 St"
                                                    class="hover:shadow-card relative flex h-full max-w-full cursor-pointer flex-col rounded-lg px-4 pb-2 hover:outline-transparent focus:outline-transparent sm:pt-2"
                                                    href="/magnesium-oxid-400-mg-extra-120-st/16940248">
                                                    <div data-testid="product-details"
                                                        class="relative flex flex-col justify-between pt-4">
                                                        <div class="flex justify-center">
                                                            <div
                                                                class="relative overflow-hidden ImageSource_image__mca28">
                                                                <span
                                                                    style="box-sizing:border-box;display:inline-block;overflow:hidden;width:initial;height:initial;background:none;opacity:1;border:0;margin:0;padding:0;position:relative;max-width:100%"><span
                                                                        style="box-sizing:border-box;display:block;width:initial;height:initial;background:none;opacity:1;border:0;margin:0;padding:0;max-width:100%"><img
                                                                            style="display:block;max-width:100%;width:initial;height:initial;background:none;opacity:1;border:0;margin:0;padding:0"
                                                                            alt="" aria-hidden="true"
                                                                            src="data:image/svg+xml,%3csvg%20xmlns=%27http://www.w3.org/2000/svg%27%20version=%271.1%27%20width=%27180%27%20height=%27180%27/%3e" /></span><img
                                                                        alt="MAGNESIUM Oxid 400 mg Extra 120 St"
                                                                        title="MAGNESIUM Oxid 400 mg Extra 120 St"
                                                                        aria-label="image"
                                                                        src="data:image/gif;base64,R0lGODlhAQABAIAAAAAAAP///yH5BAEAAAAALAAAAAABAAEAAAIBRAA7"
                                                                        decoding="async" data-nimg="intrinsic" class=" "
                                                                        style="position:absolute;top:0;left:0;bottom:0;right:0;box-sizing:border-box;padding:0;border:none;margin:auto;display:block;width:0;height:0;min-width:100%;max-width:100%;min-height:100%;max-height:100%" /><noscript><img
                                                                            alt="MAGNESIUM Oxid 400 mg Extra 120 St"
                                                                            title="MAGNESIUM Oxid 400 mg Extra 120 St"
                                                                            aria-label="image" loading="lazy"
                                                                            decoding="async" data-nimg="intrinsic"
                                                                            style="position:absolute;top:0;left:0;bottom:0;right:0;box-sizing:border-box;padding:0;border:none;margin:auto;display:block;width:0;height:0;min-width:100%;max-width:100%;min-height:100%;max-height:100%"
                                                                            class=" "
                                                                            src="https://statics.docmorris.de/static/produkte/LGGOJ8J0/docmorris/ps1000/magnesium-oxid-400-mg-extra-120-st-16940248-0-1714054358799652.jpeg" /></noscript></span><span
                                                                    data-testid="skeleton"
                                                                    class="Skeleton_skeletonbox__Ae1Fg Skeleton_skeletonAnimation__mxWPc"
                                                                    style="width:180px;height:180px;position:absolute"></span>
                                                            </div>
                                                        </div>
                                                    </div>
                                                    <div class="relative flex min-w-0 flex-1 flex-col">
                                                        <div class="flex flex-col justify-between">
                                                            <p data-testid="product-name"
                                                                title="MAGNESIUM Oxid 400 mg Extra 120 St"
                                                                class="text-grey-1 hover:text-grey-1 focus:text-grey-1 mb-0 line-clamp-2 h-[3.125rem] max-w-[13rem] break-words text-base font-semibold leading-6 focus-within:no-underline focus-within:outline-transparent focus:underline">
                                                                MAGNESIUM Oxid 400 mg Extra 120 St</p>
                                                            <div
                                                                class="leading-2xl text-grey-2 h-[1.125rem] truncate text-xs font-semibold">
                                                                <span>120 St</span><span> • <!-- -->Kapseln</span>
                                                            </div>
                                                            <div title="R(h)ein Nutrition UG"
                                                                class="text-grey-2 w-[95%] overflow-hidden truncate text-xs font-semibold leading-5">
                                                                <span>R(h)ein Nutrition UG</span>
                                                            </div>
                                                            <div class="bold flex h-5 items-center text-sm">
                                                                <div class="rating-stars_ratingStars__0zPR5">
                                                                    <div title="MAGNESIUM Oxid 400 mg Extra 120 St rating"
                                                                        class="rating-stars_stars__TQWHl"><svg
                                                                            xmlns="http://www.w3.org/2000/svg"
                                                                            viewBox="0 0 100 100" width="1rem"
                                                                            id="LEGACY_star-100-percent"
                                                                            aria-label="LEGACY_star-100-percent"
                                                                            role="img">
                                                                            <path fill="currentColor"
                                                                                d="m98 39.373-34.162-2.9L50.502 4.995l-13.34 31.486L3 39.381 28.933 61.85l-7.792 33.39 29.36-17.718 29.36 17.718-7.792-33.4z">
                                                                            </path>
                                                                        </svg><svg xmlns="http://www.w3.org/2000/svg"
                                                                            viewBox="0 0 100 100" width="1rem"
                                                                            id="LEGACY_star-100-percent"
                                                                            aria-label="LEGACY_star-100-percent"
                                                                            role="img">
                                                                            <path fill="currentColor"
                                                                                d="m98 39.373-34.162-2.9L50.502 4.995l-13.34 31.486L3 39.381 28.933 61.85l-7.792 33.39 29.36-17.718 29.36 17.718-7.792-33.4z">
                                                                            </path>
                                                                        </svg><svg xmlns="http://www.w3.org/2000/svg"
                                                                            viewBox="0 0 100 100" width="1rem"
                                                                            id="LEGACY_star-100-percent"
                                                                            aria-label="LEGACY_star-100-percent"
                                                                            role="img">
                                                                            <path fill="currentColor"
                                                                                d="m98 39.373-34.162-2.9L50.502 4.995l-13.34 31.486L3 39.381 28.933 61.85l-7.792 33.39 29.36-17.718 29.36 17.718-7.792-33.4z">
                                                                            </path>
                                                                        </svg><svg xmlns="http://www.w3.org/2000/svg"
                                                                            viewBox="0 0 100 100" width="1rem"
                                                                            id="LEGACY_star-75-percent"
                                                                            aria-label="LEGACY_star-75-percent"
                                                                            role="img">
                                                                            <defs>
                                                                                <clipPath id="a">
                                                                                    <path fill="none"
                                                                                        d="M60.841 31.473 47.5 0 34.159 31.473 0 34.373l25.933 22.464-7.793 33.4L47.5 72.516l29.357 17.718-7.79-33.394L95 34.376z">
                                                                                    </path>
                                                                                </clipPath>
                                                                            </defs>
                                                                            <path fill="currentColor"
                                                                                d="M50.5 15.683 60 38.102l.979 2.315 2.5.211L87.8 42.693l-18.469 16-1.9 1.646.574 2.45 5.548 23.775-20.906-12.615-2.152-1.3-2.152 1.3-20.9 12.615 5.548-23.775.571-2.45-1.9-1.646-18.467-16 24.318-2.065 2.5-.211.982-2.315 9.5-22.419m0-10.679L37.157 36.477l-34.162 2.9 25.933 22.464-7.79 33.4L50.495 77.52l29.36 17.718-7.793-33.394L97.995 39.38l-34.162-2.9L50.495 5.007z">
                                                                            </path>
                                                                            <g clip-path="url(#a)"
                                                                                transform="translate(3 5.001)">
                                                                                <path fill="currentColor"
                                                                                    d="M-39.425-24.155h97.408V96.303h-97.408z">
                                                                                </path>
                                                                            </g>
                                                                        </svg><svg xmlns="http://www.w3.org/2000/svg"
                                                                            viewBox="0 0 100 100" width="1rem"
                                                                            id="LEGACY_star-0-percent"
                                                                            aria-label="LEGACY_star-0-percent"
                                                                            role="img">
                                                                            <path fill="currentColor"
                                                                                d="M49.5 15.682 59 38.104l.981 2.315 2.5.214 24.32 2.062-18.467 16-1.9 1.646.573 2.45 5.546 23.775-20.9-12.615-2.152-1.3-2.155 1.3-20.9 12.618 5.546-23.778.573-2.45-1.9-1.646-18.47-16 24.32-2.062 2.506-.214.979-2.315 9.5-22.418m0-10.682L36.16 36.48l-34.162 2.9 25.935 22.465-7.794 33.4L49.5 77.515l29.36 17.72-7.794-33.395 25.932-22.465-34.159-2.9L49.5 5.004z">
                                                                            </path>
                                                                        </svg></div>
                                                                    <div><span
                                                                            class="leading-xl ml-1 text-sm">(<!-- -->3<!-- -->)</span>
                                                                    </div>
                                                                </div>
                                                            </div>
                                                            <div class="mt-2 md:mt-4">
                                                                <div class="h-4 w-[60%]"></div>
                                                                <div class="flex pb-4">
                                                                    <div class="mr-1">
                                                                        <div><span class="sr-only">Rabattstempel</span>
                                                                            <div
                                                                                class="flex items-center justify-center text-right whitespace-nowrap select-none rounded leading-2xl min-w-[2.5rem] max-w-[17.5rem] bg-magenta text-white">
                                                                                <div role="status"
                                                                                    class="inline-flex items-center text-xs px-2 py-1 font-semibold">
                                                                                    <span>-68%</span>
                                                                                </div>
                                                                            </div>
                                                                        </div>
                                                                    </div>
                                                                    <div class="flex text-grey-1 whitespace-nowrap leading-price text-[1.625rem] mt-[0.125rem]"
                                                                        data-testid="sales-price"><span
                                                                            class="sr-only">Verkaufspreis<!-- -->:<span>11,49 €</span></span><span
                                                                            aria-hidden="true"
                                                                            class="font-bold">11<!-- -->,</span>
                                                                        <div class="flex flex-col justify-between"><sup
                                                                                aria-hidden="true"
                                                                                class="top-0 -translate-x-[0.5em] text-[45%] font-bold leading-none">49 €</sup>
                                                                            <div class="translate-y-[10%] pl-1">
                                                                                <div class="text-2xs leading-4xl whitespace-nowrap text-grey-2 tracking-[0.14px]"
                                                                                    data-testid="base-price"><span
                                                                                        class="sr-only">Grundpreis<!-- -->:</span><span>0,10
                                                                                        €/St</span></div>
                                                                            </div>
                                                                        </div>
                                                                    </div>
                                                                </div>
                                                                <div
                                                                    class="h-4 font-base text-2xs leading-5xl text-grey-2">
                                                                </div>
                                                                <div class="mt-3">
                                                                    <div class="flex text-center w-full"
                                                                        data-testid="add-to-cart-cta"><button
                                                                            aria-disabled="false" type="button"
                                                                            data-testid="add_to_cart_button"
                                                                            class="font-semibold md:inline-flex flex items-center justify-center rounded-lg cursor-pointer px-4 min-w-[6.5rem] h-12 select-none disabled:opacity-40 disabled:cursor-default gap-2 border border-solid border-trust-green bg-transparent text-trust-green hover:[&amp;:not(:disabled)]:bg-transparent hover:[&amp;:not(:disabled)]:border-balance-green hover:[&amp;:not(:disabled)]:text-balance-green focus:[&amp;:not(:disabled)]:bg-transparent focus:[&amp;:not(:disabled)]:border-balance-green focus:[&amp;:not(:disabled)]:text-trust-green w-full"
                                                                            aria-label="In den Warenkorb"><span
                                                                                class="">In den
                                                                                Warenkorb</span></button></div>
                                                                </div>
                                                            </div>
                                                        </div>
                                                        <div
                                                            class="mt-1 text-right font-base text-2xs leading-5xl text-grey-2">
                                                            Gesponsert</div>
                                                    </div>
                                                </a></div>
                                        </div>
                                    </li>
                                    <li class="splide__slide">
                                        <div class="mx-5 mb-6 mt-4 max-w-[226px]">
                                            <div class="h-full"><a data-testid="product-card-sponsored"
                                                    aria-label="Magnetrans 400mg Magnesium trink-granulat 50X5,5 g"
                                                    class="hover:shadow-card relative flex h-full max-w-full cursor-pointer flex-col rounded-lg px-4 pb-2 hover:outline-transparent focus:outline-transparent sm:pt-2"
                                                    href="/magnetrans-400mg-magnesium-trinkgranulat-50x55-g/16314953">
                                                    <div data-testid="product-details"
                                                        class="relative flex flex-col justify-between pt-4">
                                                        <div class="flex justify-center">
                                                            <div
                                                                class="relative overflow-hidden ImageSource_image__mca28">
                                                                <span
                                                                    style="box-sizing:border-box;display:inline-block;overflow:hidden;width:initial;height:initial;background:none;opacity:1;border:0;margin:0;padding:0;position:relative;max-width:100%"><span
                                                                        style="box-sizing:border-box;display:block;width:initial;height:initial;background:none;opacity:1;border:0;margin:0;padding:0;max-width:100%"><img
                                                                            style="display:block;max-width:100%;width:initial;height:initial;background:none;opacity:1;border:0;margin:0;padding:0"
                                                                            alt="" aria-hidden="true"
                                                                            src="data:image/svg+xml,%3csvg%20xmlns=%27http://www.w3.org/2000/svg%27%20version=%271.1%27%20width=%27180%27%20height=%27180%27/%3e" /></span><img
                                                                        alt="Magnetrans 400mg Magnesium trink-granulat 50X5,5 g"
                                                                        title="Magnetrans 400mg Magnesium trink-granulat 50X5,5 g"
                                                                        aria-label="image"
                                                                        src="data:image/gif;base64,R0lGODlhAQABAIAAAAAAAP///yH5BAEAAAAALAAAAAABAAEAAAIBRAA7"
                                                                        decoding="async" data-nimg="intrinsic" class=" "
                                                                        style="position:absolute;top:0;left:0;bottom:0;right:0;box-sizing:border-box;padding:0;border:none;margin:auto;display:block;width:0;height:0;min-width:100%;max-width:100%;min-height:100%;max-height:100%" /><noscript><img
                                                                            alt="Magnetrans 400mg Magnesium trink-granulat 50X5,5 g"
                                                                            title="Magnetrans 400mg Magnesium trink-granulat 50X5,5 g"
                                                                            aria-label="image" loading="lazy"
                                                                            decoding="async" data-nimg="intrinsic"
                                                                            style="position:absolute;top:0;left:0;bottom:0;right:0;box-sizing:border-box;padding:0;border:none;margin:auto;display:block;width:0;height:0;min-width:100%;max-width:100%;min-height:100%;max-height:100%"
                                                                            class=" "
                                                                            src="https://statics.docmorris.de/static/produkte/LGUA7TLD/docmorris/ps1000/magnetrans-400mg-magnesium-trink-granulat-50x5-5-g-16314953-0-1714052040516251.jpeg" /></noscript></span><span
                                                                    data-testid="skeleton"
                                                                    class="Skeleton_skeletonbox__Ae1Fg Skeleton_skeletonAnimation__mxWPc"
                                                                    style="width:180px;height:180px;position:absolute"></span>
                                                            </div>
                                                        </div>
                                                    </div>
                                                    <div class="relative flex min-w-0 flex-1 flex-col">
                                                        <div class="flex flex-col justify-between">
                                                            <p data-testid="product-name"
                                                                title="Magnetrans 400mg Magnesium trink-granulat 50X5,5 g"
                                                                class="text-grey-1 hover:text-grey-1 focus:text-grey-1 mb-0 line-clamp-2 h-[3.125rem] max-w-[13rem] break-words text-base font-semibold leading-6 focus-within:no-underline focus-within:outline-transparent focus:underline">
                                                                Magnetrans 400mg Magnesium trink-granulat 50X5,5 g</p>
                                                            <div
                                                                class="leading-2xl text-grey-2 h-[1.125rem] truncate text-xs font-semibold">
                                                                <span>275 g</span><span> • <!-- -->Granulat</span>
                                                            </div>
                                                            <div title="STADA Consumer Health Deutschland GmbH"
                                                                class="text-grey-2 w-[95%] overflow-hidden truncate text-xs font-semibold leading-5">
                                                                <span>STADA Consumer Health Deutschland GmbH</span>
                                                            </div>
                                                            <div class="bold flex h-5 items-center text-sm">
                                                                <div class="rating-stars_ratingStars__0zPR5">
                                                                    <div title="Magnetrans 400mg Magnesium trink-granulat 50X5,5 g rating"
                                                                        class="rating-stars_stars__TQWHl rating-stars_zeroReviews__0xn8p">
                                                                        <svg xmlns="http://www.w3.org/2000/svg"
                                                                            viewBox="0 0 100 100" width="1rem"
                                                                            id="LEGACY_star-0-percent"
                                                                            aria-label="LEGACY_star-0-percent"
                                                                            role="img">
                                                                            <path fill="currentColor"
                                                                                d="M49.5 15.682 59 38.104l.981 2.315 2.5.214 24.32 2.062-18.467 16-1.9 1.646.573 2.45 5.546 23.775-20.9-12.615-2.152-1.3-2.155 1.3-20.9 12.618 5.546-23.778.573-2.45-1.9-1.646-18.47-16 24.32-2.062 2.506-.214.979-2.315 9.5-22.418m0-10.682L36.16 36.48l-34.162 2.9 25.935 22.465-7.794 33.4L49.5 77.515l29.36 17.72-7.794-33.395 25.932-22.465-34.159-2.9L49.5 5.004z">
                                                                            </path>
                                                                        </svg><svg xmlns="http://www.w3.org/2000/svg"
                                                                            viewBox="0 0 100 100" width="1rem"
                                                                            id="LEGACY_star-0-percent"
                                                                            aria-label="LEGACY_star-0-percent"
                                                                            role="img">
                                                                            <path fill="currentColor"
                                                                                d="M49.5 15.682 59 38.104l.981 2.315 2.5.214 24.32 2.062-18.467 16-1.9 1.646.573 2.45 5.546 23.775-20.9-12.615-2.152-1.3-2.155 1.3-20.9 12.618 5.546-23.778.573-2.45-1.9-1.646-18.47-16 24.32-2.062 2.506-.214.979-2.315 9.5-22.418m0-10.682L36.16 36.48l-34.162 2.9 25.935 22.465-7.794 33.4L49.5 77.515l29.36 17.72-7.794-33.395 25.932-22.465-34.159-2.9L49.5 5.004z">
                                                                            </path>
                                                                        </svg><svg xmlns="http://www.w3.org/2000/svg"
                                                                            viewBox="0 0 100 100" width="1rem"
                                                                            id="LEGACY_star-0-percent"
                                                                            aria-label="LEGACY_star-0-percent"
                                                                            role="img">
                                                                            <path fill="currentColor"
                                                                                d="M49.5 15.682 59 38.104l.981 2.315 2.5.214 24.32 2.062-18.467 16-1.9 1.646.573 2.45 5.546 23.775-20.9-12.615-2.152-1.3-2.155 1.3-20.9 12.618 5.546-23.778.573-2.45-1.9-1.646-18.47-16 24.32-2.062 2.506-.214.979-2.315 9.5-22.418m0-10.682L36.16 36.48l-34.162 2.9 25.935 22.465-7.794 33.4L49.5 77.515l29.36 17.72-7.794-33.395 25.932-22.465-34.159-2.9L49.5 5.004z">
                                                                            </path>
                                                                        </svg><svg xmlns="http://www.w3.org/2000/svg"
                                                                            viewBox="0 0 100 100" width="1rem"
                                                                            id="LEGACY_star-0-percent"
                                                                            aria-label="LEGACY_star-0-percent"
                                                                            role="img">
                                                                            <path fill="currentColor"
                                                                                d="M49.5 15.682 59 38.104l.981 2.315 2.5.214 24.32 2.062-18.467 16-1.9 1.646.573 2.45 5.546 23.775-20.9-12.615-2.152-1.3-2.155 1.3-20.9 12.618 5.546-23.778.573-2.45-1.9-1.646-18.47-16 24.32-2.062 2.506-.214.979-2.315 9.5-22.418m0-10.682L36.16 36.48l-34.162 2.9 25.935 22.465-7.794 33.4L49.5 77.515l29.36 17.72-7.794-33.395 25.932-22.465-34.159-2.9L49.5 5.004z">
                                                                            </path>
                                                                        </svg><svg xmlns="http://www.w3.org/2000/svg"
                                                                            viewBox="0 0 100 100" width="1rem"
                                                                            id="LEGACY_star-0-percent"
                                                                            aria-label="LEGACY_star-0-percent"
                                                                            role="img">
                                                                            <path fill="currentColor"
                                                                                d="M49.5 15.682 59 38.104l.981 2.315 2.5.214 24.32 2.062-18.467 16-1.9 1.646.573 2.45 5.546 23.775-20.9-12.615-2.152-1.3-2.155 1.3-20.9 12.618 5.546-23.778.573-2.45-1.9-1.646-18.47-16 24.32-2.062 2.506-.214.979-2.315 9.5-22.418m0-10.682L36.16 36.48l-34.162 2.9 25.935 22.465-7.794 33.4L49.5 77.515l29.36 17.72-7.794-33.395 25.932-22.465-34.159-2.9L49.5 5.004z">
                                                                            </path>
                                                                        </svg>
                                                                    </div>
                                                                    <div><span
                                                                            class="leading-xl ml-1 text-sm">(<!-- -->0<!-- -->)</span>
                                                                    </div>
                                                                </div>
                                                            </div>
                                                            <div class="mt-2 md:mt-4">
                                                                <div class="h-4 w-[60%]"></div>
                                                                <div class="flex pb-4">
                                                                    <div class="mr-1">
                                                                        <div><span class="sr-only">Rabattstempel</span>
                                                                            <div
                                                                                class="flex items-center justify-center text-right whitespace-nowrap select-none rounded leading-2xl min-w-[2.5rem] max-w-[17.5rem] bg-magenta text-white">
                                                                                <div role="status"
                                                                                    class="inline-flex items-center text-xs px-2 py-1 font-semibold">
                                                                                    <span>-28%</span>
                                                                                </div>
                                                                            </div>
                                                                        </div>
                                                                    </div>
                                                                    <div class="flex text-grey-1 whitespace-nowrap leading-price text-[1.625rem] mt-[0.125rem]"
                                                                        data-testid="sales-price"><span
                                                                            class="sr-only">Verkaufspreis<!-- -->:<span>17,29 €</span></span><span
                                                                            aria-hidden="true"
                                                                            class="font-bold">17<!-- -->,</span>
                                                                        <div class="flex flex-col justify-between"><sup
                                                                                aria-hidden="true"
                                                                                class="top-0 -translate-x-[0.5em] text-[45%] font-bold leading-none">29 €</sup>
                                                                            <div class="translate-y-[10%] pl-1">
                                                                                <div class="text-2xs leading-4xl whitespace-nowrap text-grey-2 tracking-[0.14px]"
                                                                                    data-testid="base-price"><span
                                                                                        class="sr-only">Grundpreis<!-- -->:</span><span>62,87
                                                                                        €/kg</span></div>
                                                                            </div>
                                                                        </div>
                                                                    </div>
                                                                </div>
                                                                <div
                                                                    class="h-4 font-base text-2xs leading-5xl text-grey-2">
                                                                </div>
                                                                <div class="mt-3">
                                                                    <div class="flex text-center w-full"
                                                                        data-testid="add-to-cart-cta"><button
                                                                            aria-disabled="false" type="button"
                                                                            data-testid="add_to_cart_button"
                                                                            class="font-semibold md:inline-flex flex items-center justify-center rounded-lg cursor-pointer px-4 min-w-[6.5rem] h-12 select-none disabled:opacity-40 disabled:cursor-default gap-2 border border-solid border-trust-green bg-transparent text-trust-green hover:[&amp;:not(:disabled)]:bg-transparent hover:[&amp;:not(:disabled)]:border-balance-green hover:[&amp;:not(:disabled)]:text-balance-green focus:[&amp;:not(:disabled)]:bg-transparent focus:[&amp;:not(:disabled)]:border-balance-green focus:[&amp;:not(:disabled)]:text-trust-green w-full"
                                                                            aria-label="In den Warenkorb"><span
                                                                                class="">In den
                                                                                Warenkorb</span></button></div>
                                                                </div>
                                                            </div>
                                                        </div>
                                                        <div
                                                            class="mt-1 text-right font-base text-2xs leading-5xl text-grey-2">
                                                            Gesponsert</div>
                                                    </div>
                                                </a></div>
                                        </div>
                                    </li>
                                    <li class="splide__slide">
                                        <div class="mx-5 mb-6 mt-4 max-w-[226px]">
                                            <div class="h-full"><a data-testid="product-card-sponsored"
                                                    aria-label="Magnesium-Diasporal 300 mg 50 St"
                                                    class="hover:shadow-card relative flex h-full max-w-full cursor-pointer flex-col rounded-lg px-4 pb-2 hover:outline-transparent focus:outline-transparent sm:pt-2"
                                                    href="/magnesiumdiasporal-300-mg-50-st/10712463">
                                                    <div data-testid="product-details"
                                                        class="relative flex flex-col justify-between pt-4">
                                                        <div class="flex justify-center">
                                                            <div
                                                                class="relative overflow-hidden ImageSource_image__mca28">
                                                                <span
                                                                    style="box-sizing:border-box;display:inline-block;overflow:hidden;width:initial;height:initial;background:none;opacity:1;border:0;margin:0;padding:0;position:relative;max-width:100%"><span
                                                                        style="box-sizing:border-box;display:block;width:initial;height:initial;background:none;opacity:1;border:0;margin:0;padding:0;max-width:100%"><img
                                                                            style="display:block;max-width:100%;width:initial;height:initial;background:none;opacity:1;border:0;margin:0;padding:0"
                                                                            alt="" aria-hidden="true"
                                                                            src="data:image/svg+xml,%3csvg%20xmlns=%27http://www.w3.org/2000/svg%27%20version=%271.1%27%20width=%27180%27%20height=%27180%27/%3e" /></span><img
                                                                        alt="Magnesium-Diasporal 300 mg 50 St"
                                                                        title="Magnesium-Diasporal 300 mg 50 St"
                                                                        aria-label="image"
                                                                        src="data:image/gif;base64,R0lGODlhAQABAIAAAAAAAP///yH5BAEAAAAALAAAAAABAAEAAAIBRAA7"
                                                                        decoding="async" data-nimg="intrinsic" class=" "
                                                                        style="position:absolute;top:0;left:0;bottom:0;right:0;box-sizing:border-box;padding:0;border:none;margin:auto;display:block;width:0;height:0;min-width:100%;max-width:100%;min-height:100%;max-height:100%" /><noscript><img
                                                                            alt="Magnesium-Diasporal 300 mg 50 St"
                                                                            title="Magnesium-Diasporal 300 mg 50 St"
                                                                            aria-label="image" loading="lazy"
                                                                            decoding="async" data-nimg="intrinsic"
                                                                            style="position:absolute;top:0;left:0;bottom:0;right:0;box-sizing:border-box;padding:0;border:none;margin:auto;display:block;width:0;height:0;min-width:100%;max-width:100%;min-height:100%;max-height:100%"
                                                                            class=" "
                                                                            src="https://statics.docmorris.de/static/produkte/FX5WJ7WV/docmorris/ps1000/magnesium-diasporal-300-mg-50-st-10712463-0-1714037809320807.jpeg" /></noscript></span><span
                                                                    data-testid="skeleton"
                                                                    class="Skeleton_skeletonbox__Ae1Fg Skeleton_skeletonAnimation__mxWPc"
                                                                    style="width:180px;height:180px;position:absolute"></span>
                                                            </div>
                                                        </div>
                                                    </div>
                                                    <div class="relative flex min-w-0 flex-1 flex-col">
                                                        <div class="flex flex-col justify-between">
                                                            <p data-testid="product-name"
                                                                title="Magnesium-Diasporal 300 mg 50 St"
                                                                class="text-grey-1 hover:text-grey-1 focus:text-grey-1 mb-0 line-clamp-2 h-[3.125rem] max-w-[13rem] break-words text-base font-semibold leading-6 focus-within:no-underline focus-within:outline-transparent focus:underline">
                                                                Magnesium-Diasporal 300 mg 50 St</p>
                                                            <div
                                                                class="leading-2xl text-grey-2 h-[1.125rem] truncate text-xs font-semibold">
                                                                <span>50 St</span><span> • <!-- -->Granulat</span>
                                                            </div>
                                                            <div title="Protina Pharmazeutische GmbH"
                                                                class="text-grey-2 w-[95%] overflow-hidden truncate text-xs font-semibold leading-5">
                                                                <span>Protina Pharmazeutische GmbH</span>
                                                            </div>
                                                            <div class="bold flex h-5 items-center text-sm">
                                                                <div class="rating-stars_ratingStars__0zPR5">
                                                                    <div title="Magnesium-Diasporal 300 mg 50 St rating"
                                                                        class="rating-stars_stars__TQWHl"><svg
                                                                            xmlns="http://www.w3.org/2000/svg"
                                                                            viewBox="0 0 100 100" width="1rem"
                                                                            id="LEGACY_star-100-percent"
                                                                            aria-label="LEGACY_star-100-percent"
                                                                            role="img">
                                                                            <path fill="currentColor"
                                                                                d="m98 39.373-34.162-2.9L50.502 4.995l-13.34 31.486L3 39.381 28.933 61.85l-7.792 33.39 29.36-17.718 29.36 17.718-7.792-33.4z">
                                                                            </path>
                                                                        </svg><svg xmlns="http://www.w3.org/2000/svg"
                                                                            viewBox="0 0 100 100" width="1rem"
                                                                            id="LEGACY_star-100-percent"
                                                                            aria-label="LEGACY_star-100-percent"
                                                                            role="img">
                                                                            <path fill="currentColor"
                                                                                d="m98 39.373-34.162-2.9L50.502 4.995l-13.34 31.486L3 39.381 28.933 61.85l-7.792 33.39 29.36-17.718 29.36 17.718-7.792-33.4z">
                                                                            </path>
                                                                        </svg><svg xmlns="http://www.w3.org/2000/svg"
                                                                            viewBox="0 0 100 100" width="1rem"
                                                                            id="LEGACY_star-100-percent"
                                                                            aria-label="LEGACY_star-100-percent"
                                                                            role="img">
                                                                            <path fill="currentColor"
                                                                                d="m98 39.373-34.162-2.9L50.502 4.995l-13.34 31.486L3 39.381 28.933 61.85l-7.792 33.39 29.36-17.718 29.36 17.718-7.792-33.4z">
                                                                            </path>
                                                                        </svg><svg xmlns="http://www.w3.org/2000/svg"
                                                                            viewBox="0 0 100 100" width="1rem"
                                                                            id="LEGACY_star-100-percent"
                                                                            aria-label="LEGACY_star-100-percent"
                                                                            role="img">
                                                                            <path fill="currentColor"
                                                                                d="m98 39.373-34.162-2.9L50.502 4.995l-13.34 31.486L3 39.381 28.933 61.85l-7.792 33.39 29.36-17.718 29.36 17.718-7.792-33.4z">
                                                                            </path>
                                                                        </svg><svg xmlns="http://www.w3.org/2000/svg"
                                                                            viewBox="0 0 100 100" width="1rem"
                                                                            id="LEGACY_star-75-percent"
                                                                            aria-label="LEGACY_star-75-percent"
                                                                            role="img">
                                                                            <defs>
                                                                                <clipPath id="a">
                                                                                    <path fill="none"
                                                                                        d="M60.841 31.473 47.5 0 34.159 31.473 0 34.373l25.933 22.464-7.793 33.4L47.5 72.516l29.357 17.718-7.79-33.394L95 34.376z">
                                                                                    </path>
                                                                                </clipPath>
                                                                            </defs>
                                                                            <path fill="currentColor"
                                                                                d="M50.5 15.683 60 38.102l.979 2.315 2.5.211L87.8 42.693l-18.469 16-1.9 1.646.574 2.45 5.548 23.775-20.906-12.615-2.152-1.3-2.152 1.3-20.9 12.615 5.548-23.775.571-2.45-1.9-1.646-18.467-16 24.318-2.065 2.5-.211.982-2.315 9.5-22.419m0-10.679L37.157 36.477l-34.162 2.9 25.933 22.464-7.79 33.4L50.495 77.52l29.36 17.718-7.793-33.394L97.995 39.38l-34.162-2.9L50.495 5.007z">
                                                                            </path>
                                                                            <g clip-path="url(#a)"
                                                                                transform="translate(3 5.001)">
                                                                                <path fill="currentColor"
                                                                                    d="M-39.425-24.155h97.408V96.303h-97.408z">
                                                                                </path>
                                                                            </g>
                                                                        </svg></div>
                                                                    <div><span
                                                                            class="leading-xl ml-1 text-sm">(<!-- -->85<!-- -->)</span>
                                                                    </div>
                                                                </div>
                                                            </div>
                                                            <div class="mt-2 md:mt-4">
                                                                <div class="h-4 w-[60%]"></div>
                                                                <div class="flex pb-4">
                                                                    <div class="mr-1">
                                                                        <div><span class="sr-only">Rabattstempel</span>
                                                                            <div
                                                                                class="flex items-center justify-center text-right whitespace-nowrap select-none rounded leading-2xl min-w-[2.5rem] max-w-[17.5rem] bg-magenta text-white">
                                                                                <div role="status"
                                                                                    class="inline-flex items-center text-xs px-2 py-1 font-semibold">
                                                                                    <span>-20%</span>
                                                                                </div>
                                                                            </div>
                                                                        </div>
                                                                    </div>
                                                                    <div class="flex text-grey-1 whitespace-nowrap leading-price text-[1.625rem] mt-[0.125rem]"
                                                                        data-testid="sales-price"><span
                                                                            class="sr-only">Verkaufspreis<!-- -->:<span>16,79 €</span></span><span
                                                                            aria-hidden="true"
                                                                            class="font-bold">16<!-- -->,</span>
                                                                        <div class="flex flex-col justify-between"><sup
                                                                                aria-hidden="true"
                                                                                class="top-0 -translate-x-[0.5em] text-[45%] font-bold leading-none">79 €</sup>
                                                                            <div class="translate-y-[10%] pl-1">
                                                                                <div class="text-2xs leading-4xl whitespace-nowrap text-grey-2 tracking-[0.14px]"
                                                                                    data-testid="base-price"><span
                                                                                        class="sr-only">Grundpreis<!-- -->:</span><span>0,34
                                                                                        €/St</span></div>
                                                                            </div>
                                                                        </div>
                                                                    </div>
                                                                </div>
                                                                <div
                                                                    class="h-4 font-base text-2xs leading-5xl text-grey-2">
                                                                </div>
                                                                <div class="mt-3">
                                                                    <div class="flex text-center w-full"
                                                                        data-testid="add-to-cart-cta"><button
                                                                            aria-disabled="false" type="button"
                                                                            data-testid="add_to_cart_button"
                                                                            class="font-semibold md:inline-flex flex items-center justify-center rounded-lg cursor-pointer px-4 min-w-[6.5rem] h-12 select-none disabled:opacity-40 disabled:cursor-default gap-2 border border-solid border-trust-green bg-transparent text-trust-green hover:[&amp;:not(:disabled)]:bg-transparent hover:[&amp;:not(:disabled)]:border-balance-green hover:[&amp;:not(:disabled)]:text-balance-green focus:[&amp;:not(:disabled)]:bg-transparent focus:[&amp;:not(:disabled)]:border-balance-green focus:[&amp;:not(:disabled)]:text-trust-green w-full"
                                                                            aria-label="In den Warenkorb"><span
                                                                                class="">In den
                                                                                Warenkorb</span></button></div>
                                                                </div>
                                                            </div>
                                                        </div>
                                                        <div
                                                            class="mt-1 text-right font-base text-2xs leading-5xl text-grey-2">
                                                            Gesponsert</div>
                                                    </div>
                                                </a></div>
                                        </div>
                                    </li>
                                    <li class="splide__slide">
                                        <div class="mx-5 mb-6 mt-4 max-w-[226px]">
                                            <div class="h-full"><a data-testid="product-card-sponsored"
                                                    aria-label="Dr. Böhm Gelenke&amp;Knorpel 120 St"
                                                    class="hover:shadow-card relative flex h-full max-w-full cursor-pointer flex-col rounded-lg px-4 pb-2 hover:outline-transparent focus:outline-transparent sm:pt-2"
                                                    href="/dr-boehm-gelenkeknorpel-120-st/15390952">
                                                    <div data-testid="product-details"
                                                        class="relative flex flex-col justify-between pt-4">
                                                        <div class="flex justify-center">
                                                            <div
                                                                class="relative overflow-hidden ImageSource_image__mca28">
                                                                <span
                                                                    style="box-sizing:border-box;display:inline-block;overflow:hidden;width:initial;height:initial;background:none;opacity:1;border:0;margin:0;padding:0;position:relative;max-width:100%"><span
                                                                        style="box-sizing:border-box;display:block;width:initial;height:initial;background:none;opacity:1;border:0;margin:0;padding:0;max-width:100%"><img
                                                                            style="display:block;max-width:100%;width:initial;height:initial;background:none;opacity:1;border:0;margin:0;padding:0"
                                                                            alt="" aria-hidden="true"
                                                                            src="data:image/svg+xml,%3csvg%20xmlns=%27http://www.w3.org/2000/svg%27%20version=%271.1%27%20width=%27180%27%20height=%27180%27/%3e" /></span><img
                                                                        alt="Dr. Böhm Gelenke&amp;Knorpel 120 St"
                                                                        title="Dr. Böhm Gelenke&amp;Knorpel 120 St"
                                                                        aria-label="image"
                                                                        src="data:image/gif;base64,R0lGODlhAQABAIAAAAAAAP///yH5BAEAAAAALAAAAAABAAEAAAIBRAA7"
                                                                        decoding="async" data-nimg="intrinsic" class=" "
                                                                        style="position:absolute;top:0;left:0;bottom:0;right:0;box-sizing:border-box;padding:0;border:none;margin:auto;display:block;width:0;height:0;min-width:100%;max-width:100%;min-height:100%;max-height:100%" /><noscript><img
                                                                            alt="Dr. Böhm Gelenke&amp;Knorpel 120 St"
                                                                            title="Dr. Böhm Gelenke&amp;Knorpel 120 St"
                                                                            aria-label="image" loading="lazy"
                                                                            decoding="async" data-nimg="intrinsic"
                                                                            style="position:absolute;top:0;left:0;bottom:0;right:0;box-sizing:border-box;padding:0;border:none;margin:auto;display:block;width:0;height:0;min-width:100%;max-width:100%;min-height:100%;max-height:100%"
                                                                            class=" "
                                                                            src="https://statics.docmorris.de/static/produkte/FX5YQBR4/docmorris/ps1000/dr-boehm-gelenke-knorpel-120-st-15390952-0-1714049880955932.jpeg" /></noscript></span><span
                                                                    data-testid="skeleton"
                                                                    class="Skeleton_skeletonbox__Ae1Fg Skeleton_skeletonAnimation__mxWPc"
                                                                    style="width:180px;height:180px;position:absolute"></span>
                                                            </div>
                                                        </div>
                                                    </div>
                                                    <div class="relative flex min-w-0 flex-1 flex-col">
                                                        <div class="flex flex-col justify-between">
                                                            <p data-testid="product-name"
                                                                title="Dr. Böhm Gelenke&amp;Knorpel 120 St"
                                                                class="text-grey-1 hover:text-grey-1 focus:text-grey-1 mb-0 line-clamp-2 h-[3.125rem] max-w-[13rem] break-words text-base font-semibold leading-6 focus-within:no-underline focus-within:outline-transparent focus:underline">
                                                                Dr. Böhm Gelenke&amp;Knorpel 120 St</p>
                                                            <div
                                                                class="leading-2xl text-grey-2 h-[1.125rem] truncate text-xs font-semibold">
                                                                <span>120 St</span><span> • <!-- -->Filmtabletten</span>
                                                            </div>
                                                            <div title="Apomedica Pharmazeutische Produkte GmbH"
                                                                class="text-grey-2 w-[95%] overflow-hidden truncate text-xs font-semibold leading-5">
                                                                <span>Apomedica Pharmazeutische Produkte GmbH</span>
                                                            </div>
                                                            <div class="bold flex h-5 items-center text-sm">
                                                                <div class="rating-stars_ratingStars__0zPR5">
                                                                    <div title="Dr. Böhm Gelenke&amp;Knorpel 120 St rating"
                                                                        class="rating-stars_stars__TQWHl"><svg
                                                                            xmlns="http://www.w3.org/2000/svg"
                                                                            viewBox="0 0 100 100" width="1rem"
                                                                            id="LEGACY_star-100-percent"
                                                                            aria-label="LEGACY_star-100-percent"
                                                                            role="img">
                                                                            <path fill="currentColor"
                                                                                d="m98 39.373-34.162-2.9L50.502 4.995l-13.34 31.486L3 39.381 28.933 61.85l-7.792 33.39 29.36-17.718 29.36 17.718-7.792-33.4z">
                                                                            </path>
                                                                        </svg><svg xmlns="http://www.w3.org/2000/svg"
                                                                            viewBox="0 0 100 100" width="1rem"
                                                                            id="LEGACY_star-100-percent"
                                                                            aria-label="LEGACY_star-100-percent"
                                                                            role="img">
                                                                            <path fill="currentColor"
                                                                                d="m98 39.373-34.162-2.9L50.502 4.995l-13.34 31.486L3 39.381 28.933 61.85l-7.792 33.39 29.36-17.718 29.36 17.718-7.792-33.4z">
                                                                            </path>
                                                                        </svg><svg xmlns="http://www.w3.org/2000/svg"
                                                                            viewBox="0 0 100 100" width="1rem"
                                                                            id="LEGACY_star-100-percent"
                                                                            aria-label="LEGACY_star-100-percent"
                                                                            role="img">
                                                                            <path fill="currentColor"
                                                                                d="m98 39.373-34.162-2.9L50.502 4.995l-13.34 31.486L3 39.381 28.933 61.85l-7.792 33.39 29.36-17.718 29.36 17.718-7.792-33.4z">
                                                                            </path>
                                                                        </svg><svg xmlns="http://www.w3.org/2000/svg"
                                                                            viewBox="0 0 100 100" width="1rem"
                                                                            id="LEGACY_star-100-percent"
                                                                            aria-label="LEGACY_star-100-percent"
                                                                            role="img">
                                                                            <path fill="currentColor"
                                                                                d="m98 39.373-34.162-2.9L50.502 4.995l-13.34 31.486L3 39.381 28.933 61.85l-7.792 33.39 29.36-17.718 29.36 17.718-7.792-33.4z">
                                                                            </path>
                                                                        </svg><svg xmlns="http://www.w3.org/2000/svg"
                                                                            viewBox="0 0 100 100" width="1rem"
                                                                            id="LEGACY_star-100-percent"
                                                                            aria-label="LEGACY_star-100-percent"
                                                                            role="img">
                                                                            <path fill="currentColor"
                                                                                d="m98 39.373-34.162-2.9L50.502 4.995l-13.34 31.486L3 39.381 28.933 61.85l-7.792 33.39 29.36-17.718 29.36 17.718-7.792-33.4z">
                                                                            </path>
                                                                        </svg></div>
                                                                    <div><span
                                                                            class="leading-xl ml-1 text-sm">(<!-- -->2<!-- -->)</span>
                                                                    </div>
                                                                </div>
                                                            </div>
                                                            <div class="mt-2 md:mt-4">
                                                                <div class="h-4 w-[60%]"></div>
                                                                <div class="flex pb-4">
                                                                    <div class="mr-1">
                                                                        <div><span class="sr-only">Rabattstempel</span>
                                                                            <div
                                                                                class="flex items-center justify-center text-right whitespace-nowrap select-none rounded leading-2xl min-w-[2.5rem] max-w-[17.5rem] bg-magenta text-white">
                                                                                <div role="status"
                                                                                    class="inline-flex items-center text-xs px-2 py-1 font-semibold">
                                                                                    <span>-30%</span>
                                                                                </div>
                                                                            </div>
                                                                        </div>
                                                                    </div>
                                                                    <div class="flex text-grey-1 whitespace-nowrap leading-price text-[1.625rem] mt-[0.125rem]"
                                                                        data-testid="sales-price"><span
                                                                            class="sr-only">Verkaufspreis<!-- -->:<span>37,14 €</span></span><span
                                                                            aria-hidden="true"
                                                                            class="font-bold">37<!-- -->,</span>
                                                                        <div class="flex flex-col justify-between"><sup
                                                                                aria-hidden="true"
                                                                                class="top-0 -translate-x-[0.5em] text-[45%] font-bold leading-none">14 €</sup>
                                                                            <div class="translate-y-[10%] pl-1">
                                                                                <div class="text-2xs leading-4xl whitespace-nowrap text-grey-2 tracking-[0.14px]"
                                                                                    data-testid="base-price"><span
                                                                                        class="sr-only">Grundpreis<!-- -->:</span><span>0,39
                                                                                        €/St</span></div>
                                                                            </div>
                                                                        </div>
                                                                    </div>
                                                                </div>
                                                                <div
                                                                    class="h-4 font-base text-2xs leading-5xl text-grey-2">
                                                                </div>
                                                                <div class="mt-3">
                                                                    <div class="flex text-center w-full"
                                                                        data-testid="add-to-cart-cta"><button
                                                                            aria-disabled="false" type="button"
                                                                            data-testid="add_to_cart_button"
                                                                            class="font-semibold md:inline-flex flex items-center justify-center rounded-lg cursor-pointer px-4 min-w-[6.5rem] h-12 select-none disabled:opacity-40 disabled:cursor-default gap-2 border border-solid border-trust-green bg-transparent text-trust-green hover:[&amp;:not(:disabled)]:bg-transparent hover:[&amp;:not(:disabled)]:border-balance-green hover:[&amp;:not(:disabled)]:text-balance-green focus:[&amp;:not(:disabled)]:bg-transparent focus:[&amp;:not(:disabled)]:border-balance-green focus:[&amp;:not(:disabled)]:text-trust-green w-full"
                                                                            aria-label="In den Warenkorb"><span
                                                                                class="">In den
                                                                                Warenkorb</span></button></div>
                                                                </div>
                                                            </div>
                                                        </div>
                                                        <div
                                                            class="mt-1 text-right font-base text-2xs leading-5xl text-grey-2">
                                                            Gesponsert</div>
                                                    </div>
                                                </a></div>
                                        </div>
                                    </li>
                                    <li class="splide__slide">
                                        <div class="mx-5 mb-6 mt-4 max-w-[226px]">
                                            <div class="h-full"><a data-testid="product-card-sponsored"
                                                    aria-label="Glucosamin &amp; Chondroitin - 720 Kapseln - TRUE NATURE 2x360 St"
                                                    class="hover:shadow-card relative flex h-full max-w-full cursor-pointer flex-col rounded-lg px-4 pb-2 hover:outline-transparent focus:outline-transparent sm:pt-2"
                                                    href="/glucosamin-chondroitin-720-kapseln-true-nature-2x360-st/1YKT33KP">
                                                    <div data-testid="product-details"
                                                        class="relative flex flex-col justify-between pt-4">
                                                        <div class="flex justify-center">
                                                            <div
                                                                class="relative overflow-hidden ImageSource_image__mca28">
                                                                <span
                                                                    style="box-sizing:border-box;display:inline-block;overflow:hidden;width:initial;height:initial;background:none;opacity:1;border:0;margin:0;padding:0;position:relative;max-width:100%"><span
                                                                        style="box-sizing:border-box;display:block;width:initial;height:initial;background:none;opacity:1;border:0;margin:0;padding:0;max-width:100%"><img
                                                                            style="display:block;max-width:100%;width:initial;height:initial;background:none;opacity:1;border:0;margin:0;padding:0"
                                                                            alt="" aria-hidden="true"
                                                                            src="data:image/svg+xml,%3csvg%20xmlns=%27http://www.w3.org/2000/svg%27%20version=%271.1%27%20width=%27180%27%20height=%27180%27/%3e" /></span><img
                                                                        alt="Glucosamin &amp; Chondroitin - 720 Kapseln - TRUE NATURE 2x360 St"
                                                                        title="Glucosamin &amp; Chondroitin - 720 Kapseln - TRUE NATURE 2x360 St"
                                                                        aria-label="image"
                                                                        src="data:image/gif;base64,R0lGODlhAQABAIAAAAAAAP///yH5BAEAAAAALAAAAAABAAEAAAIBRAA7"
                                                                        decoding="async" data-nimg="intrinsic" class=" "
                                                                        style="position:absolute;top:0;left:0;bottom:0;right:0;box-sizing:border-box;padding:0;border:none;margin:auto;display:block;width:0;height:0;min-width:100%;max-width:100%;min-height:100%;max-height:100%" /><noscript><img
                                                                            alt="Glucosamin &amp; Chondroitin - 720 Kapseln - TRUE NATURE 2x360 St"
                                                                            title="Glucosamin &amp; Chondroitin - 720 Kapseln - TRUE NATURE 2x360 St"
                                                                            aria-label="image" loading="lazy"
                                                                            decoding="async" data-nimg="intrinsic"
                                                                            style="position:absolute;top:0;left:0;bottom:0;right:0;box-sizing:border-box;padding:0;border:none;margin:auto;display:block;width:0;height:0;min-width:100%;max-width:100%;min-height:100%;max-height:100%"
                                                                            class=" "
                                                                            src="https://statics.docmorris.de/static/produkte/1YKT33KP/docmorris/ps1000/glucosamin-chondroitin-720-kapseln-true-nature-2-x-1YKT33KP-default-1720618932002508.jpeg" /></noscript></span><span
                                                                    data-testid="skeleton"
                                                                    class="Skeleton_skeletonbox__Ae1Fg Skeleton_skeletonAnimation__mxWPc"
                                                                    style="width:180px;height:180px;position:absolute"></span>
                                                            </div>
                                                        </div>
                                                    </div>
                                                    <div class="relative flex min-w-0 flex-1 flex-col">
                                                        <div class="flex flex-col justify-between">
                                                            <p data-testid="product-name"
                                                                title="Glucosamin &amp; Chondroitin - 720 Kapseln - TRUE NATURE 2x360 St"
                                                                class="text-grey-1 hover:text-grey-1 focus:text-grey-1 mb-0 line-clamp-2 h-[3.125rem] max-w-[13rem] break-words text-base font-semibold leading-6 focus-within:no-underline focus-within:outline-transparent focus:underline">
                                                                Glucosamin &amp; Chondroitin - 720 Kapseln - TRUE NATURE
                                                                2x360 St</p>
                                                            <div
                                                                class="leading-2xl text-grey-2 h-[1.125rem] truncate text-xs font-semibold">
                                                                <span>720 St</span><span> • <!-- -->Kapseln</span>
                                                            </div>
                                                            <div title=""
                                                                class="text-grey-2 w-[95%] overflow-hidden truncate text-xs font-semibold leading-5">
                                                                <span></span>
                                                            </div>
                                                            <div class="bold flex h-5 items-center text-sm">
                                                                <div class="rating-stars_ratingStars__0zPR5">
                                                                    <div title="Glucosamin &amp; Chondroitin - 720 Kapseln - TRUE NATURE 2x360 St rating"
                                                                        class="rating-stars_stars__TQWHl rating-stars_zeroReviews__0xn8p">
                                                                        <svg xmlns="http://www.w3.org/2000/svg"
                                                                            viewBox="0 0 100 100" width="1rem"
                                                                            id="LEGACY_star-0-percent"
                                                                            aria-label="LEGACY_star-0-percent"
                                                                            role="img">
                                                                            <path fill="currentColor"
                                                                                d="M49.5 15.682 59 38.104l.981 2.315 2.5.214 24.32 2.062-18.467 16-1.9 1.646.573 2.45 5.546 23.775-20.9-12.615-2.152-1.3-2.155 1.3-20.9 12.618 5.546-23.778.573-2.45-1.9-1.646-18.47-16 24.32-2.062 2.506-.214.979-2.315 9.5-22.418m0-10.682L36.16 36.48l-34.162 2.9 25.935 22.465-7.794 33.4L49.5 77.515l29.36 17.72-7.794-33.395 25.932-22.465-34.159-2.9L49.5 5.004z">
                                                                            </path>
                                                                        </svg><svg xmlns="http://www.w3.org/2000/svg"
                                                                            viewBox="0 0 100 100" width="1rem"
                                                                            id="LEGACY_star-0-percent"
                                                                            aria-label="LEGACY_star-0-percent"
                                                                            role="img">
                                                                            <path fill="currentColor"
                                                                                d="M49.5 15.682 59 38.104l.981 2.315 2.5.214 24.32 2.062-18.467 16-1.9 1.646.573 2.45 5.546 23.775-20.9-12.615-2.152-1.3-2.155 1.3-20.9 12.618 5.546-23.778.573-2.45-1.9-1.646-18.47-16 24.32-2.062 2.506-.214.979-2.315 9.5-22.418m0-10.682L36.16 36.48l-34.162 2.9 25.935 22.465-7.794 33.4L49.5 77.515l29.36 17.72-7.794-33.395 25.932-22.465-34.159-2.9L49.5 5.004z">
                                                                            </path>
                                                                        </svg><svg xmlns="http://www.w3.org/2000/svg"
                                                                            viewBox="0 0 100 100" width="1rem"
                                                                            id="LEGACY_star-0-percent"
                                                                            aria-label="LEGACY_star-0-percent"
                                                                            role="img">
                                                                            <path fill="currentColor"
                                                                                d="M49.5 15.682 59 38.104l.981 2.315 2.5.214 24.32 2.062-18.467 16-1.9 1.646.573 2.45 5.546 23.775-20.9-12.615-2.152-1.3-2.155 1.3-20.9 12.618 5.546-23.778.573-2.45-1.9-1.646-18.47-16 24.32-2.062 2.506-.214.979-2.315 9.5-22.418m0-10.682L36.16 36.48l-34.162 2.9 25.935 22.465-7.794 33.4L49.5 77.515l29.36 17.72-7.794-33.395 25.932-22.465-34.159-2.9L49.5 5.004z">
                                                                            </path>
                                                                        </svg><svg xmlns="http://www.w3.org/2000/svg"
                                                                            viewBox="0 0 100 100" width="1rem"
                                                                            id="LEGACY_star-0-percent"
                                                                            aria-label="LEGACY_star-0-percent"
                                                                            role="img">
                                                                            <path fill="currentColor"
                                                                                d="M49.5 15.682 59 38.104l.981 2.315 2.5.214 24.32 2.062-18.467 16-1.9 1.646.573 2.45 5.546 23.775-20.9-12.615-2.152-1.3-2.155 1.3-20.9 12.618 5.546-23.778.573-2.45-1.9-1.646-18.47-16 24.32-2.062 2.506-.214.979-2.315 9.5-22.418m0-10.682L36.16 36.48l-34.162 2.9 25.935 22.465-7.794 33.4L49.5 77.515l29.36 17.72-7.794-33.395 25.932-22.465-34.159-2.9L49.5 5.004z">
                                                                            </path>
                                                                        </svg><svg xmlns="http://www.w3.org/2000/svg"
                                                                            viewBox="0 0 100 100" width="1rem"
                                                                            id="LEGACY_star-0-percent"
                                                                            aria-label="LEGACY_star-0-percent"
                                                                            role="img">
                                                                            <path fill="currentColor"
                                                                                d="M49.5 15.682 59 38.104l.981 2.315 2.5.214 24.32 2.062-18.467 16-1.9 1.646.573 2.45 5.546 23.775-20.9-12.615-2.152-1.3-2.155 1.3-20.9 12.618 5.546-23.778.573-2.45-1.9-1.646-18.47-16 24.32-2.062 2.506-.214.979-2.315 9.5-22.418m0-10.682L36.16 36.48l-34.162 2.9 25.935 22.465-7.794 33.4L49.5 77.515l29.36 17.72-7.794-33.395 25.932-22.465-34.159-2.9L49.5 5.004z">
                                                                            </path>
                                                                        </svg>
                                                                    </div>
                                                                    <div><span
                                                                            class="leading-xl ml-1 text-sm">(<!-- -->0<!-- -->)</span>
                                                                    </div>
                                                                </div>
                                                            </div>
                                                            <div class="mt-2 md:mt-4">
                                                                <div class="h-4 w-[60%]"></div>
                                                                <div class="flex pb-4">
                                                                    <div class="mr-1">
                                                                        <div><span class="sr-only">Rabattstempel</span>
                                                                            <div
                                                                                class="flex items-center justify-center text-right whitespace-nowrap select-none rounded leading-2xl min-w-[2.5rem] max-w-[17.5rem] bg-magenta text-white">
                                                                                <div role="status"
                                                                                    class="inline-flex items-center text-xs px-2 py-1 font-semibold">
                                                                                    <span>-14%</span>
                                                                                </div>
                                                                            </div>
                                                                        </div>
                                                                    </div>
                                                                    <div class="flex text-grey-1 whitespace-nowrap leading-price text-[1.625rem] mt-[0.125rem]"
                                                                        data-testid="sales-price"><span
                                                                            class="sr-only">Verkaufspreis<!-- -->:<span>55,08 €</span></span><span
                                                                            aria-hidden="true"
                                                                            class="font-bold">55<!-- -->,</span>
                                                                        <div class="flex flex-col justify-between"><sup
                                                                                aria-hidden="true"
                                                                                class="top-0 -translate-x-[0.5em] text-[45%] font-bold leading-none">08 €</sup>
                                                                            <div class="translate-y-[10%] pl-1">
                                                                                <div class="text-2xs leading-4xl whitespace-nowrap text-grey-2 tracking-[0.14px]"
                                                                                    data-testid="base-price"><span
                                                                                        class="sr-only">Grundpreis<!-- -->:</span><span>83,20
                                                                                        €/kg</span></div>
                                                                            </div>
                                                                        </div>
                                                                    </div>
                                                                </div>
                                                                <div
                                                                    class="h-4 font-base text-2xs leading-5xl text-grey-2">
                                                                </div>
                                                                <div class="mt-3">
                                                                    <div class="flex text-center w-full"
                                                                        data-testid="add-to-cart-cta"><button
                                                                            aria-disabled="false" type="button"
                                                                            data-testid="add_to_cart_button"
                                                                            class="font-semibold md:inline-flex flex items-center justify-center rounded-lg cursor-pointer px-4 min-w-[6.5rem] h-12 select-none disabled:opacity-40 disabled:cursor-default gap-2 border border-solid border-trust-green bg-transparent text-trust-green hover:[&amp;:not(:disabled)]:bg-transparent hover:[&amp;:not(:disabled)]:border-balance-green hover:[&amp;:not(:disabled)]:text-balance-green focus:[&amp;:not(:disabled)]:bg-transparent focus:[&amp;:not(:disabled)]:border-balance-green focus:[&amp;:not(:disabled)]:text-trust-green w-full"
                                                                            aria-label="In den Warenkorb"><span
                                                                                class="">In den
                                                                                Warenkorb</span></button></div>
                                                                </div>
                                                            </div>
                                                        </div>
                                                        <div
                                                            class="mt-1 text-right font-base text-2xs leading-5xl text-grey-2">
                                                            Gesponsert</div>
                                                    </div>
                                                </a></div>
                                        </div>
                                    </li>
                                    <li class="splide__slide">
                                        <div class="mx-5 mb-6 mt-4 max-w-[226px]">
                                            <div class="h-full"><a data-testid="product-card-sponsored"
                                                    aria-label="ZIMPLY NATURAL Gicht komplex 30 ml"
                                                    class="hover:shadow-card relative flex h-full max-w-full cursor-pointer flex-col rounded-lg px-4 pb-2 hover:outline-transparent focus:outline-transparent sm:pt-2"
                                                    href="/zimply-natural-gicht-komplex-30-ml/1V05VYG6">
                                                    <div data-testid="product-details"
                                                        class="relative flex flex-col justify-between pt-4">
                                                        <div class="flex justify-center">
                                                            <div
                                                                class="relative overflow-hidden ImageSource_image__mca28">
                                                                <span
                                                                    style="box-sizing:border-box;display:inline-block;overflow:hidden;width:initial;height:initial;background:none;opacity:1;border:0;margin:0;padding:0;position:relative;max-width:100%"><span
                                                                        style="box-sizing:border-box;display:block;width:initial;height:initial;background:none;opacity:1;border:0;margin:0;padding:0;max-width:100%"><img
                                                                            style="display:block;max-width:100%;width:initial;height:initial;background:none;opacity:1;border:0;margin:0;padding:0"
                                                                            alt="" aria-hidden="true"
                                                                            src="data:image/svg+xml,%3csvg%20xmlns=%27http://www.w3.org/2000/svg%27%20version=%271.1%27%20width=%27180%27%20height=%27180%27/%3e" /></span><img
                                                                        alt="ZIMPLY NATURAL Gicht komplex 30 ml"
                                                                        title="ZIMPLY NATURAL Gicht komplex 30 ml"
                                                                        aria-label="image"
                                                                        src="data:image/gif;base64,R0lGODlhAQABAIAAAAAAAP///yH5BAEAAAAALAAAAAABAAEAAAIBRAA7"
                                                                        decoding="async" data-nimg="intrinsic" class=" "
                                                                        style="position:absolute;top:0;left:0;bottom:0;right:0;box-sizing:border-box;padding:0;border:none;margin:auto;display:block;width:0;height:0;min-width:100%;max-width:100%;min-height:100%;max-height:100%" /><noscript><img
                                                                            alt="ZIMPLY NATURAL Gicht komplex 30 ml"
                                                                            title="ZIMPLY NATURAL Gicht komplex 30 ml"
                                                                            aria-label="image" loading="lazy"
                                                                            decoding="async" data-nimg="intrinsic"
                                                                            style="position:absolute;top:0;left:0;bottom:0;right:0;box-sizing:border-box;padding:0;border:none;margin:auto;display:block;width:0;height:0;min-width:100%;max-width:100%;min-height:100%;max-height:100%"
                                                                            class=" "
                                                                            src="https://statics.docmorris.de/static/produkte/1V05VYG6/docmorris/ps1000/zimply-natural-gicht-komplex-30-ml-1V05VYG6-default-1714029277368760.jpeg" /></noscript></span><span
                                                                    data-testid="skeleton"
                                                                    class="Skeleton_skeletonbox__Ae1Fg Skeleton_skeletonAnimation__mxWPc"
                                                                    style="width:180px;height:180px;position:absolute"></span>
                                                            </div>
                                                        </div>
                                                    </div>
                                                    <div class="relative flex min-w-0 flex-1 flex-col">
                                                        <div class="flex flex-col justify-between">
                                                            <p data-testid="product-name"
                                                                title="ZIMPLY NATURAL Gicht komplex 30 ml"
                                                                class="text-grey-1 hover:text-grey-1 focus:text-grey-1 mb-0 line-clamp-2 h-[3.125rem] max-w-[13rem] break-words text-base font-semibold leading-6 focus-within:no-underline focus-within:outline-transparent focus:underline">
                                                                ZIMPLY NATURAL Gicht komplex 30 ml</p>
                                                            <div
                                                                class="leading-2xl text-grey-2 h-[1.125rem] truncate text-xs font-semibold">
                                                                <span>30 ml</span><span> • <!-- -->Spray</span>
                                                            </div>
                                                            <div title=""
                                                                class="text-grey-2 w-[95%] overflow-hidden truncate text-xs font-semibold leading-5">
                                                                <span></span>
                                                            </div>
                                                            <div class="bold flex h-5 items-center text-sm">
                                                                <div class="rating-stars_ratingStars__0zPR5">
                                                                    <div title="ZIMPLY NATURAL Gicht komplex 30 ml rating"
                                                                        class="rating-stars_stars__TQWHl rating-stars_zeroReviews__0xn8p">
                                                                        <svg xmlns="http://www.w3.org/2000/svg"
                                                                            viewBox="0 0 100 100" width="1rem"
                                                                            id="LEGACY_star-0-percent"
                                                                            aria-label="LEGACY_star-0-percent"
                                                                            role="img">
                                                                            <path fill="currentColor"
                                                                                d="M49.5 15.682 59 38.104l.981 2.315 2.5.214 24.32 2.062-18.467 16-1.9 1.646.573 2.45 5.546 23.775-20.9-12.615-2.152-1.3-2.155 1.3-20.9 12.618 5.546-23.778.573-2.45-1.9-1.646-18.47-16 24.32-2.062 2.506-.214.979-2.315 9.5-22.418m0-10.682L36.16 36.48l-34.162 2.9 25.935 22.465-7.794 33.4L49.5 77.515l29.36 17.72-7.794-33.395 25.932-22.465-34.159-2.9L49.5 5.004z">
                                                                            </path>
                                                                        </svg><svg xmlns="http://www.w3.org/2000/svg"
                                                                            viewBox="0 0 100 100" width="1rem"
                                                                            id="LEGACY_star-0-percent"
                                                                            aria-label="LEGACY_star-0-percent"
                                                                            role="img">
                                                                            <path fill="currentColor"
                                                                                d="M49.5 15.682 59 38.104l.981 2.315 2.5.214 24.32 2.062-18.467 16-1.9 1.646.573 2.45 5.546 23.775-20.9-12.615-2.152-1.3-2.155 1.3-20.9 12.618 5.546-23.778.573-2.45-1.9-1.646-18.47-16 24.32-2.062 2.506-.214.979-2.315 9.5-22.418m0-10.682L36.16 36.48l-34.162 2.9 25.935 22.465-7.794 33.4L49.5 77.515l29.36 17.72-7.794-33.395 25.932-22.465-34.159-2.9L49.5 5.004z">
                                                                            </path>
                                                                        </svg><svg xmlns="http://www.w3.org/2000/svg"
                                                                            viewBox="0 0 100 100" width="1rem"
                                                                            id="LEGACY_star-0-percent"
                                                                            aria-label="LEGACY_star-0-percent"
                                                                            role="img">
                                                                            <path fill="currentColor"
                                                                                d="M49.5 15.682 59 38.104l.981 2.315 2.5.214 24.32 2.062-18.467 16-1.9 1.646.573 2.45 5.546 23.775-20.9-12.615-2.152-1.3-2.155 1.3-20.9 12.618 5.546-23.778.573-2.45-1.9-1.646-18.47-16 24.32-2.062 2.506-.214.979-2.315 9.5-22.418m0-10.682L36.16 36.48l-34.162 2.9 25.935 22.465-7.794 33.4L49.5 77.515l29.36 17.72-7.794-33.395 25.932-22.465-34.159-2.9L49.5 5.004z">
                                                                            </path>
                                                                        </svg><svg xmlns="http://www.w3.org/2000/svg"
                                                                            viewBox="0 0 100 100" width="1rem"
                                                                            id="LEGACY_star-0-percent"
                                                                            aria-label="LEGACY_star-0-percent"
                                                                            role="img">
                                                                            <path fill="currentColor"
                                                                                d="M49.5 15.682 59 38.104l.981 2.315 2.5.214 24.32 2.062-18.467 16-1.9 1.646.573 2.45 5.546 23.775-20.9-12.615-2.152-1.3-2.155 1.3-20.9 12.618 5.546-23.778.573-2.45-1.9-1.646-18.47-16 24.32-2.062 2.506-.214.979-2.315 9.5-22.418m0-10.682L36.16 36.48l-34.162 2.9 25.935 22.465-7.794 33.4L49.5 77.515l29.36 17.72-7.794-33.395 25.932-22.465-34.159-2.9L49.5 5.004z">
                                                                            </path>
                                                                        </svg><svg xmlns="http://www.w3.org/2000/svg"
                                                                            viewBox="0 0 100 100" width="1rem"
                                                                            id="LEGACY_star-0-percent"
                                                                            aria-label="LEGACY_star-0-percent"
                                                                            role="img">
                                                                            <path fill="currentColor"
                                                                                d="M49.5 15.682 59 38.104l.981 2.315 2.5.214 24.32 2.062-18.467 16-1.9 1.646.573 2.45 5.546 23.775-20.9-12.615-2.152-1.3-2.155 1.3-20.9 12.618 5.546-23.778.573-2.45-1.9-1.646-18.47-16 24.32-2.062 2.506-.214.979-2.315 9.5-22.418m0-10.682L36.16 36.48l-34.162 2.9 25.935 22.465-7.794 33.4L49.5 77.515l29.36 17.72-7.794-33.395 25.932-22.465-34.159-2.9L49.5 5.004z">
                                                                            </path>
                                                                        </svg>
                                                                    </div>
                                                                    <div><span
                                                                            class="leading-xl ml-1 text-sm">(<!-- -->0<!-- -->)</span>
                                                                    </div>
                                                                </div>
                                                            </div>
                                                            <div class="mt-2 md:mt-4">
                                                                <div class="h-4 w-[60%]"></div>
                                                                <div class="flex pb-4">
                                                                    <div class="flex text-grey-1 whitespace-nowrap leading-price text-[1.625rem] mt-[0.125rem]"
                                                                        data-testid="sales-price"><span
                                                                            class="sr-only">Verkaufspreis<!-- -->:<span>24,99 €</span></span><span
                                                                            aria-hidden="true"
                                                                            class="font-bold">24<!-- -->,</span>
                                                                        <div class="flex flex-col justify-between"><sup
                                                                                aria-hidden="true"
                                                                                class="top-0 -translate-x-[0.5em] text-[45%] font-bold leading-none">99 €</sup>
                                                                            <div class="translate-y-[10%] pl-1">
                                                                                <div class="text-2xs leading-4xl whitespace-nowrap text-grey-2 tracking-[0.14px]"
                                                                                    data-testid="base-price"><span
                                                                                        class="sr-only">Grundpreis<!-- -->:</span><span>833,00
                                                                                        €/l</span></div>
                                                                            </div>
                                                                        </div>
                                                                    </div>
                                                                </div>
                                                                <div
                                                                    class="h-4 font-base text-2xs leading-5xl text-grey-2">
                                                                </div>
                                                                <div class="mt-3">
                                                                    <div class="flex text-center w-full"
                                                                        data-testid="add-to-cart-cta"><button
                                                                            aria-disabled="false" type="button"
                                                                            data-testid="add_to_cart_button"
                                                                            class="font-semibold md:inline-flex flex items-center justify-center rounded-lg cursor-pointer px-4 min-w-[6.5rem] h-12 select-none disabled:opacity-40 disabled:cursor-default gap-2 border border-solid border-trust-green bg-transparent text-trust-green hover:[&amp;:not(:disabled)]:bg-transparent hover:[&amp;:not(:disabled)]:border-balance-green hover:[&amp;:not(:disabled)]:text-balance-green focus:[&amp;:not(:disabled)]:bg-transparent focus:[&amp;:not(:disabled)]:border-balance-green focus:[&amp;:not(:disabled)]:text-trust-green w-full"
                                                                            aria-label="In den Warenkorb"><span
                                                                                class="">In den
                                                                                Warenkorb</span></button></div>
                                                                </div>
                                                            </div>
                                                        </div>
                                                        <div
                                                            class="mt-1 text-right font-base text-2xs leading-5xl text-grey-2">
                                                            Gesponsert</div>
                                                    </div>
                                                </a></div>
                                        </div>
                                    </li>
                                    <li class="splide__slide">
                                        <div class="mx-5 mb-6 mt-4 max-w-[226px]">
                                            <div class="h-full"><a data-testid="product-card-sponsored"
                                                    aria-label="Glucosamin &amp; Chondroitin - 1080 Kapseln - TRUE NATURE 3x360 St"
                                                    class="hover:shadow-card relative flex h-full max-w-full cursor-pointer flex-col rounded-lg px-4 pb-2 hover:outline-transparent focus:outline-transparent sm:pt-2"
                                                    href="/glucosamin-chondroitin-1080-kapseln-true-nature-3x360-st/G6JTK1LG">
                                                    <div data-testid="product-details"
                                                        class="relative flex flex-col justify-between pt-4">
                                                        <div class="flex justify-center">
                                                            <div
                                                                class="relative overflow-hidden ImageSource_image__mca28">
                                                                <span
                                                                    style="box-sizing:border-box;display:inline-block;overflow:hidden;width:initial;height:initial;background:none;opacity:1;border:0;margin:0;padding:0;position:relative;max-width:100%"><span
                                                                        style="box-sizing:border-box;display:block;width:initial;height:initial;background:none;opacity:1;border:0;margin:0;padding:0;max-width:100%"><img
                                                                            style="display:block;max-width:100%;width:initial;height:initial;background:none;opacity:1;border:0;margin:0;padding:0"
                                                                            alt="" aria-hidden="true"
                                                                            src="data:image/svg+xml,%3csvg%20xmlns=%27http://www.w3.org/2000/svg%27%20version=%271.1%27%20width=%27180%27%20height=%27180%27/%3e" /></span><img
                                                                        alt="Glucosamin &amp; Chondroitin - 1080 Kapseln - TRUE NATURE 3x360 St"
                                                                        title="Glucosamin &amp; Chondroitin - 1080 Kapseln - TRUE NATURE 3x360 St"
                                                                        aria-label="image"
                                                                        src="data:image/gif;base64,R0lGODlhAQABAIAAAAAAAP///yH5BAEAAAAALAAAAAABAAEAAAIBRAA7"
                                                                        decoding="async" data-nimg="intrinsic" class=" "
                                                                        style="position:absolute;top:0;left:0;bottom:0;right:0;box-sizing:border-box;padding:0;border:none;margin:auto;display:block;width:0;height:0;min-width:100%;max-width:100%;min-height:100%;max-height:100%" /><noscript><img
                                                                            alt="Glucosamin &amp; Chondroitin - 1080 Kapseln - TRUE NATURE 3x360 St"
                                                                            title="Glucosamin &amp; Chondroitin - 1080 Kapseln - TRUE NATURE 3x360 St"
                                                                            aria-label="image" loading="lazy"
                                                                            decoding="async" data-nimg="intrinsic"
                                                                            style="position:absolute;top:0;left:0;bottom:0;right:0;box-sizing:border-box;padding:0;border:none;margin:auto;display:block;width:0;height:0;min-width:100%;max-width:100%;min-height:100%;max-height:100%"
                                                                            class=" "
                                                                            src="https://statics.docmorris.de/static/produkte/G6JTK1LG/docmorris/ps1000/glucosamin-chondroitin-1080-kapseln-true-nature-3--G6JTK1LG-default-1720618932035227.jpeg" /></noscript></span><span
                                                                    data-testid="skeleton"
                                                                    class="Skeleton_skeletonbox__Ae1Fg Skeleton_skeletonAnimation__mxWPc"
                                                                    style="width:180px;height:180px;position:absolute"></span>
                                                            </div>
                                                        </div>
                                                    </div>
                                                    <div class="relative flex min-w-0 flex-1 flex-col">
                                                        <div class="flex flex-col justify-between">
                                                            <p data-testid="product-name"
                                                                title="Glucosamin &amp; Chondroitin - 1080 Kapseln - TRUE NATURE 3x360 St"
                                                                class="text-grey-1 hover:text-grey-1 focus:text-grey-1 mb-0 line-clamp-2 h-[3.125rem] max-w-[13rem] break-words text-base font-semibold leading-6 focus-within:no-underline focus-within:outline-transparent focus:underline">
                                                                Glucosamin &amp; Chondroitin - 1080 Kapseln - TRUE
                                                                NATURE 3x360 St</p>
                                                            <div
                                                                class="leading-2xl text-grey-2 h-[1.125rem] truncate text-xs font-semibold">
                                                                <span>1080 St</span><span> • <!-- -->Kapseln</span>
                                                            </div>
                                                            <div title=""
                                                                class="text-grey-2 w-[95%] overflow-hidden truncate text-xs font-semibold leading-5">
                                                                <span></span>
                                                            </div>
                                                            <div class="bold flex h-5 items-center text-sm">
                                                                <div class="rating-stars_ratingStars__0zPR5">
                                                                    <div title="Glucosamin &amp; Chondroitin - 1080 Kapseln - TRUE NATURE 3x360 St rating"
                                                                        class="rating-stars_stars__TQWHl rating-stars_zeroReviews__0xn8p">
                                                                        <svg xmlns="http://www.w3.org/2000/svg"
                                                                            viewBox="0 0 100 100" width="1rem"
                                                                            id="LEGACY_star-0-percent"
                                                                            aria-label="LEGACY_star-0-percent"
                                                                            role="img">
                                                                            <path fill="currentColor"
                                                                                d="M49.5 15.682 59 38.104l.981 2.315 2.5.214 24.32 2.062-18.467 16-1.9 1.646.573 2.45 5.546 23.775-20.9-12.615-2.152-1.3-2.155 1.3-20.9 12.618 5.546-23.778.573-2.45-1.9-1.646-18.47-16 24.32-2.062 2.506-.214.979-2.315 9.5-22.418m0-10.682L36.16 36.48l-34.162 2.9 25.935 22.465-7.794 33.4L49.5 77.515l29.36 17.72-7.794-33.395 25.932-22.465-34.159-2.9L49.5 5.004z">
                                                                            </path>
                                                                        </svg><svg xmlns="http://www.w3.org/2000/svg"
                                                                            viewBox="0 0 100 100" width="1rem"
                                                                            id="LEGACY_star-0-percent"
                                                                            aria-label="LEGACY_star-0-percent"
                                                                            role="img">
                                                                            <path fill="currentColor"
                                                                                d="M49.5 15.682 59 38.104l.981 2.315 2.5.214 24.32 2.062-18.467 16-1.9 1.646.573 2.45 5.546 23.775-20.9-12.615-2.152-1.3-2.155 1.3-20.9 12.618 5.546-23.778.573-2.45-1.9-1.646-18.47-16 24.32-2.062 2.506-.214.979-2.315 9.5-22.418m0-10.682L36.16 36.48l-34.162 2.9 25.935 22.465-7.794 33.4L49.5 77.515l29.36 17.72-7.794-33.395 25.932-22.465-34.159-2.9L49.5 5.004z">
                                                                            </path>
                                                                        </svg><svg xmlns="http://www.w3.org/2000/svg"
                                                                            viewBox="0 0 100 100" width="1rem"
                                                                            id="LEGACY_star-0-percent"
                                                                            aria-label="LEGACY_star-0-percent"
                                                                            role="img">
                                                                            <path fill="currentColor"
                                                                                d="M49.5 15.682 59 38.104l.981 2.315 2.5.214 24.32 2.062-18.467 16-1.9 1.646.573 2.45 5.546 23.775-20.9-12.615-2.152-1.3-2.155 1.3-20.9 12.618 5.546-23.778.573-2.45-1.9-1.646-18.47-16 24.32-2.062 2.506-.214.979-2.315 9.5-22.418m0-10.682L36.16 36.48l-34.162 2.9 25.935 22.465-7.794 33.4L49.5 77.515l29.36 17.72-7.794-33.395 25.932-22.465-34.159-2.9L49.5 5.004z">
                                                                            </path>
                                                                        </svg><svg xmlns="http://www.w3.org/2000/svg"
                                                                            viewBox="0 0 100 100" width="1rem"
                                                                            id="LEGACY_star-0-percent"
                                                                            aria-label="LEGACY_star-0-percent"
                                                                            role="img">
                                                                            <path fill="currentColor"
                                                                                d="M49.5 15.682 59 38.104l.981 2.315 2.5.214 24.32 2.062-18.467 16-1.9 1.646.573 2.45 5.546 23.775-20.9-12.615-2.152-1.3-2.155 1.3-20.9 12.618 5.546-23.778.573-2.45-1.9-1.646-18.47-16 24.32-2.062 2.506-.214.979-2.315 9.5-22.418m0-10.682L36.16 36.48l-34.162 2.9 25.935 22.465-7.794 33.4L49.5 77.515l29.36 17.72-7.794-33.395 25.932-22.465-34.159-2.9L49.5 5.004z">
                                                                            </path>
                                                                        </svg><svg xmlns="http://www.w3.org/2000/svg"
                                                                            viewBox="0 0 100 100" width="1rem"
                                                                            id="LEGACY_star-0-percent"
                                                                            aria-label="LEGACY_star-0-percent"
                                                                            role="img">
                                                                            <path fill="currentColor"
                                                                                d="M49.5 15.682 59 38.104l.981 2.315 2.5.214 24.32 2.062-18.467 16-1.9 1.646.573 2.45 5.546 23.775-20.9-12.615-2.152-1.3-2.155 1.3-20.9 12.618 5.546-23.778.573-2.45-1.9-1.646-18.47-16 24.32-2.062 2.506-.214.979-2.315 9.5-22.418m0-10.682L36.16 36.48l-34.162 2.9 25.935 22.465-7.794 33.4L49.5 77.515l29.36 17.72-7.794-33.395 25.932-22.465-34.159-2.9L49.5 5.004z">
                                                                            </path>
                                                                        </svg>
                                                                    </div>
                                                                    <div><span
                                                                            class="leading-xl ml-1 text-sm">(<!-- -->0<!-- -->)</span>
                                                                    </div>
                                                                </div>
                                                            </div>
                                                            <div class="mt-2 md:mt-4">
                                                                <div class="h-4 w-[60%]"></div>
                                                                <div class="flex pb-4">
                                                                    <div class="mr-1">
                                                                        <div><span class="sr-only">Rabattstempel</span>
                                                                            <div
                                                                                class="flex items-center justify-center text-right whitespace-nowrap select-none rounded leading-2xl min-w-[2.5rem] max-w-[17.5rem] bg-magenta text-white">
                                                                                <div role="status"
                                                                                    class="inline-flex items-center text-xs px-2 py-1 font-semibold">
                                                                                    <span>-18%</span>
                                                                                </div>
                                                                            </div>
                                                                        </div>
                                                                    </div>
                                                                    <div class="flex text-grey-1 whitespace-nowrap leading-price text-[1.625rem] mt-[0.125rem]"
                                                                        data-testid="sales-price"><span
                                                                            class="sr-only">Verkaufspreis<!-- -->:<span>78,27 €</span></span><span
                                                                            aria-hidden="true"
                                                                            class="font-bold">78<!-- -->,</span>
                                                                        <div class="flex flex-col justify-between"><sup
                                                                                aria-hidden="true"
                                                                                class="top-0 -translate-x-[0.5em] text-[45%] font-bold leading-none">27 €</sup>
                                                                            <div class="translate-y-[10%] pl-1">
                                                                                <div class="text-2xs leading-4xl whitespace-nowrap text-grey-2 tracking-[0.14px]"
                                                                                    data-testid="base-price"><span
                                                                                        class="sr-only">Grundpreis<!-- -->:</span><span>78,82
                                                                                        €/kg</span></div>
                                                                            </div>
                                                                        </div>
                                                                    </div>
                                                                </div>
                                                                <div
                                                                    class="h-4 font-base text-2xs leading-5xl text-grey-2">
                                                                </div>
                                                                <div class="mt-3">
                                                                    <div class="flex text-center w-full"
                                                                        data-testid="add-to-cart-cta"><button
                                                                            aria-disabled="false" type="button"
                                                                            data-testid="add_to_cart_button"
                                                                            class="font-semibold md:inline-flex flex items-center justify-center rounded-lg cursor-pointer px-4 min-w-[6.5rem] h-12 select-none disabled:opacity-40 disabled:cursor-default gap-2 border border-solid border-trust-green bg-transparent text-trust-green hover:[&amp;:not(:disabled)]:bg-transparent hover:[&amp;:not(:disabled)]:border-balance-green hover:[&amp;:not(:disabled)]:text-balance-green focus:[&amp;:not(:disabled)]:bg-transparent focus:[&amp;:not(:disabled)]:border-balance-green focus:[&amp;:not(:disabled)]:text-trust-green w-full"
                                                                            aria-label="In den Warenkorb"><span
                                                                                class="">In den
                                                                                Warenkorb</span></button></div>
                                                                </div>
                                                            </div>
                                                        </div>
                                                        <div
                                                            class="mt-1 text-right font-base text-2xs leading-5xl text-grey-2">
                                                            Gesponsert</div>
                                                    </div>
                                                </a></div>
                                        </div>
                                    </li>
                                    <li class="splide__slide">
                                        <div class="mx-5 mb-6 mt-4 max-w-[226px]">
                                            <div class="h-full"><a data-testid="product-card-sponsored"
                                                    aria-label="Magnesium-Diasporal 300 mg 100 St"
                                                    class="hover:shadow-card relative flex h-full max-w-full cursor-pointer flex-col rounded-lg px-4 pb-2 hover:outline-transparent focus:outline-transparent sm:pt-2"
                                                    href="/magnesiumdiasporal-300-mg-100-st/10712486">
                                                    <div data-testid="product-details"
                                                        class="relative flex flex-col justify-between pt-4">
                                                        <div class="flex justify-center">
                                                            <div
                                                                class="relative overflow-hidden ImageSource_image__mca28">
                                                                <span
                                                                    style="box-sizing:border-box;display:inline-block;overflow:hidden;width:initial;height:initial;background:none;opacity:1;border:0;margin:0;padding:0;position:relative;max-width:100%"><span
                                                                        style="box-sizing:border-box;display:block;width:initial;height:initial;background:none;opacity:1;border:0;margin:0;padding:0;max-width:100%"><img
                                                                            style="display:block;max-width:100%;width:initial;height:initial;background:none;opacity:1;border:0;margin:0;padding:0"
                                                                            alt="" aria-hidden="true"
                                                                            src="data:image/svg+xml,%3csvg%20xmlns=%27http://www.w3.org/2000/svg%27%20version=%271.1%27%20width=%27180%27%20height=%27180%27/%3e" /></span><img
                                                                        alt="Magnesium-Diasporal 300 mg 100 St"
                                                                        title="Magnesium-Diasporal 300 mg 100 St"
                                                                        aria-label="image"
                                                                        src="data:image/gif;base64,R0lGODlhAQABAIAAAAAAAP///yH5BAEAAAAALAAAAAABAAEAAAIBRAA7"
                                                                        decoding="async" data-nimg="intrinsic" class=" "
                                                                        style="position:absolute;top:0;left:0;bottom:0;right:0;box-sizing:border-box;padding:0;border:none;margin:auto;display:block;width:0;height:0;min-width:100%;max-width:100%;min-height:100%;max-height:100%" /><noscript><img
                                                                            alt="Magnesium-Diasporal 300 mg 100 St"
                                                                            title="Magnesium-Diasporal 300 mg 100 St"
                                                                            aria-label="image" loading="lazy"
                                                                            decoding="async" data-nimg="intrinsic"
                                                                            style="position:absolute;top:0;left:0;bottom:0;right:0;box-sizing:border-box;padding:0;border:none;margin:auto;display:block;width:0;height:0;min-width:100%;max-width:100%;min-height:100%;max-height:100%"
                                                                            class=" "
                                                                            src="https://statics.docmorris.de/static/produkte/FX5YIKD8/docmorris/ps1000/magnesium-diasporal-300-mg-100-st-10712486-0-1714037811006978.jpeg" /></noscript></span><span
                                                                    data-testid="skeleton"
                                                                    class="Skeleton_skeletonbox__Ae1Fg Skeleton_skeletonAnimation__mxWPc"
                                                                    style="width:180px;height:180px;position:absolute"></span>
                                                            </div>
                                                        </div>
                                                    </div>
                                                    <div class="relative flex min-w-0 flex-1 flex-col">
                                                        <div class="flex flex-col justify-between">
                                                            <p data-testid="product-name"
                                                                title="Magnesium-Diasporal 300 mg 100 St"
                                                                class="text-grey-1 hover:text-grey-1 focus:text-grey-1 mb-0 line-clamp-2 h-[3.125rem] max-w-[13rem] break-words text-base font-semibold leading-6 focus-within:no-underline focus-within:outline-transparent focus:underline">
                                                                Magnesium-Diasporal 300 mg 100 St</p>
                                                            <div
                                                                class="leading-2xl text-grey-2 h-[1.125rem] truncate text-xs font-semibold">
                                                                <span>100 St</span><span> • <!-- -->Granulat</span>
                                                            </div>
                                                            <div title="Protina Pharmazeutische GmbH"
                                                                class="text-grey-2 w-[95%] overflow-hidden truncate text-xs font-semibold leading-5">
                                                                <span>Protina Pharmazeutische GmbH</span>
                                                            </div>
                                                            <div class="bold flex h-5 items-center text-sm">
                                                                <div class="rating-stars_ratingStars__0zPR5">
                                                                    <div title="Magnesium-Diasporal 300 mg 100 St rating"
                                                                        class="rating-stars_stars__TQWHl"><svg
                                                                            xmlns="http://www.w3.org/2000/svg"
                                                                            viewBox="0 0 100 100" width="1rem"
                                                                            id="LEGACY_star-100-percent"
                                                                            aria-label="LEGACY_star-100-percent"
                                                                            role="img">
                                                                            <path fill="currentColor"
                                                                                d="m98 39.373-34.162-2.9L50.502 4.995l-13.34 31.486L3 39.381 28.933 61.85l-7.792 33.39 29.36-17.718 29.36 17.718-7.792-33.4z">
                                                                            </path>
                                                                        </svg><svg xmlns="http://www.w3.org/2000/svg"
                                                                            viewBox="0 0 100 100" width="1rem"
                                                                            id="LEGACY_star-100-percent"
                                                                            aria-label="LEGACY_star-100-percent"
                                                                            role="img">
                                                                            <path fill="currentColor"
                                                                                d="m98 39.373-34.162-2.9L50.502 4.995l-13.34 31.486L3 39.381 28.933 61.85l-7.792 33.39 29.36-17.718 29.36 17.718-7.792-33.4z">
                                                                            </path>
                                                                        </svg><svg xmlns="http://www.w3.org/2000/svg"
                                                                            viewBox="0 0 100 100" width="1rem"
                                                                            id="LEGACY_star-100-percent"
                                                                            aria-label="LEGACY_star-100-percent"
                                                                            role="img">
                                                                            <path fill="currentColor"
                                                                                d="m98 39.373-34.162-2.9L50.502 4.995l-13.34 31.486L3 39.381 28.933 61.85l-7.792 33.39 29.36-17.718 29.36 17.718-7.792-33.4z">
                                                                            </path>
                                                                        </svg><svg xmlns="http://www.w3.org/2000/svg"
                                                                            viewBox="0 0 100 100" width="1rem"
                                                                            id="LEGACY_star-100-percent"
                                                                            aria-label="LEGACY_star-100-percent"
                                                                            role="img">
                                                                            <path fill="currentColor"
                                                                                d="m98 39.373-34.162-2.9L50.502 4.995l-13.34 31.486L3 39.381 28.933 61.85l-7.792 33.39 29.36-17.718 29.36 17.718-7.792-33.4z">
                                                                            </path>
                                                                        </svg><svg xmlns="http://www.w3.org/2000/svg"
                                                                            viewBox="0 0 100 100" width="1rem"
                                                                            id="LEGACY_star-75-percent"
                                                                            aria-label="LEGACY_star-75-percent"
                                                                            role="img">
                                                                            <defs>
                                                                                <clipPath id="a">
                                                                                    <path fill="none"
                                                                                        d="M60.841 31.473 47.5 0 34.159 31.473 0 34.373l25.933 22.464-7.793 33.4L47.5 72.516l29.357 17.718-7.79-33.394L95 34.376z">
                                                                                    </path>
                                                                                </clipPath>
                                                                            </defs>
                                                                            <path fill="currentColor"
                                                                                d="M50.5 15.683 60 38.102l.979 2.315 2.5.211L87.8 42.693l-18.469 16-1.9 1.646.574 2.45 5.548 23.775-20.906-12.615-2.152-1.3-2.152 1.3-20.9 12.615 5.548-23.775.571-2.45-1.9-1.646-18.467-16 24.318-2.065 2.5-.211.982-2.315 9.5-22.419m0-10.679L37.157 36.477l-34.162 2.9 25.933 22.464-7.79 33.4L50.495 77.52l29.36 17.718-7.793-33.394L97.995 39.38l-34.162-2.9L50.495 5.007z">
                                                                            </path>
                                                                            <g clip-path="url(#a)"
                                                                                transform="translate(3 5.001)">
                                                                                <path fill="currentColor"
                                                                                    d="M-39.425-24.155h97.408V96.303h-97.408z">
                                                                                </path>
                                                                            </g>
                                                                        </svg></div>
                                                                    <div><span
                                                                            class="leading-xl ml-1 text-sm">(<!-- -->85<!-- -->)</span>
                                                                    </div>
                                                                </div>
                                                            </div>
                                                            <div class="mt-2 md:mt-4">
                                                                <div class="h-4 w-[60%]"></div>
                                                                <div class="flex pb-4">
                                                                    <div class="mr-1">
                                                                        <div><span class="sr-only">Rabattstempel</span>
                                                                            <div
                                                                                class="flex items-center justify-center text-right whitespace-nowrap select-none rounded leading-2xl min-w-[2.5rem] max-w-[17.5rem] bg-magenta text-white">
                                                                                <div role="status"
                                                                                    class="inline-flex items-center text-xs px-2 py-1 font-semibold">
                                                                                    <span>-23%</span>
                                                                                </div>
                                                                            </div>
                                                                        </div>
                                                                    </div>
                                                                    <div class="flex text-grey-1 whitespace-nowrap leading-price text-[1.625rem] mt-[0.125rem]"
                                                                        data-testid="sales-price"><span
                                                                            class="sr-only">Verkaufspreis<!-- -->:<span>28,49 €</span></span><span
                                                                            aria-hidden="true"
                                                                            class="font-bold">28<!-- -->,</span>
                                                                        <div class="flex flex-col justify-between"><sup
                                                                                aria-hidden="true"
                                                                                class="top-0 -translate-x-[0.5em] text-[45%] font-bold leading-none">49 €</sup>
                                                                            <div class="translate-y-[10%] pl-1">
                                                                                <div class="text-2xs leading-4xl whitespace-nowrap text-grey-2 tracking-[0.14px]"
                                                                                    data-testid="base-price"><span
                                                                                        class="sr-only">Grundpreis<!-- -->:</span><span>0,28
                                                                                        €/St</span></div>
                                                                            </div>
                                                                        </div>
                                                                    </div>
                                                                </div>
                                                                <div
                                                                    class="h-4 font-base text-2xs leading-5xl text-grey-2">
                                                                </div>
                                                                <div class="mt-3">
                                                                    <div class="flex text-center w-full"
                                                                        data-testid="add-to-cart-cta"><button
                                                                            aria-disabled="false" type="button"
                                                                            data-testid="add_to_cart_button"
                                                                            class="font-semibold md:inline-flex flex items-center justify-center rounded-lg cursor-pointer px-4 min-w-[6.5rem] h-12 select-none disabled:opacity-40 disabled:cursor-default gap-2 border border-solid border-trust-green bg-transparent text-trust-green hover:[&amp;:not(:disabled)]:bg-transparent hover:[&amp;:not(:disabled)]:border-balance-green hover:[&amp;:not(:disabled)]:text-balance-green focus:[&amp;:not(:disabled)]:bg-transparent focus:[&amp;:not(:disabled)]:border-balance-green focus:[&amp;:not(:disabled)]:text-trust-green w-full"
                                                                            aria-label="In den Warenkorb"><span
                                                                                class="">In den
                                                                                Warenkorb</span></button></div>
                                                                </div>
                                                            </div>
                                                        </div>
                                                        <div
                                                            class="mt-1 text-right font-base text-2xs leading-5xl text-grey-2">
                                                            Gesponsert</div>
                                                    </div>
                                                </a></div>
                                        </div>
                                    </li>
                                    <li class="splide__slide">
                                        <div class="mx-5 mb-6 mt-4 max-w-[226px]">
                                            <div class="h-full"><a data-testid="product-card-sponsored"
                                                    aria-label="Glucosamin &amp; Chondroitin - 1440 Kapseln - TRUE NATURE 4x360 St"
                                                    class="hover:shadow-card relative flex h-full max-w-full cursor-pointer flex-col rounded-lg px-4 pb-2 hover:outline-transparent focus:outline-transparent sm:pt-2"
                                                    href="/glucosamin-chondroitin-1440-kapseln-true-nature-4x360-st/YXKTNJ5Y">
                                                    <div data-testid="product-details"
                                                        class="relative flex flex-col justify-between pt-4">
                                                        <div class="flex justify-center">
                                                            <div
                                                                class="relative overflow-hidden ImageSource_image__mca28">
                                                                <span
                                                                    style="box-sizing:border-box;display:inline-block;overflow:hidden;width:initial;height:initial;background:none;opacity:1;border:0;margin:0;padding:0;position:relative;max-width:100%"><span
                                                                        style="box-sizing:border-box;display:block;width:initial;height:initial;background:none;opacity:1;border:0;margin:0;padding:0;max-width:100%"><img
                                                                            style="display:block;max-width:100%;width:initial;height:initial;background:none;opacity:1;border:0;margin:0;padding:0"
                                                                            alt="" aria-hidden="true"
                                                                            src="data:image/svg+xml,%3csvg%20xmlns=%27http://www.w3.org/2000/svg%27%20version=%271.1%27%20width=%27180%27%20height=%27180%27/%3e" /></span><img
                                                                        alt="Glucosamin &amp; Chondroitin - 1440 Kapseln - TRUE NATURE 4x360 St"
                                                                        title="Glucosamin &amp; Chondroitin - 1440 Kapseln - TRUE NATURE 4x360 St"
                                                                        aria-label="image"
                                                                        src="data:image/gif;base64,R0lGODlhAQABAIAAAAAAAP///yH5BAEAAAAALAAAAAABAAEAAAIBRAA7"
                                                                        decoding="async" data-nimg="intrinsic" class=" "
                                                                        style="position:absolute;top:0;left:0;bottom:0;right:0;box-sizing:border-box;padding:0;border:none;margin:auto;display:block;width:0;height:0;min-width:100%;max-width:100%;min-height:100%;max-height:100%" /><noscript><img
                                                                            alt="Glucosamin &amp; Chondroitin - 1440 Kapseln - TRUE NATURE 4x360 St"
                                                                            title="Glucosamin &amp; Chondroitin - 1440 Kapseln - TRUE NATURE 4x360 St"
                                                                            aria-label="image" loading="lazy"
                                                                            decoding="async" data-nimg="intrinsic"
                                                                            style="position:absolute;top:0;left:0;bottom:0;right:0;box-sizing:border-box;padding:0;border:none;margin:auto;display:block;width:0;height:0;min-width:100%;max-width:100%;min-height:100%;max-height:100%"
                                                                            class=" "
                                                                            src="https://statics.docmorris.de/static/produkte/YXKTNJ5Y/docmorris/ps1000/glucosamin-chondroitin-1440-kapseln-true-nature-4--YXKTNJ5Y-default-1720618932187868.jpeg" /></noscript></span><span
                                                                    data-testid="skeleton"
                                                                    class="Skeleton_skeletonbox__Ae1Fg Skeleton_skeletonAnimation__mxWPc"
                                                                    style="width:180px;height:180px;position:absolute"></span>
                                                            </div>
                                                        </div>
                                                    </div>
                                                    <div class="relative flex min-w-0 flex-1 flex-col">
                                                        <div class="flex flex-col justify-between">
                                                            <p data-testid="product-name"
                                                                title="Glucosamin &amp; Chondroitin - 1440 Kapseln - TRUE NATURE 4x360 St"
                                                                class="text-grey-1 hover:text-grey-1 focus:text-grey-1 mb-0 line-clamp-2 h-[3.125rem] max-w-[13rem] break-words text-base font-semibold leading-6 focus-within:no-underline focus-within:outline-transparent focus:underline">
                                                                Glucosamin &amp; Chondroitin - 1440 Kapseln - TRUE
                                                                NATURE 4x360 St</p>
                                                            <div
                                                                class="leading-2xl text-grey-2 h-[1.125rem] truncate text-xs font-semibold">
                                                                <span>1440 St</span><span> • <!-- -->Kapseln</span>
                                                            </div>
                                                            <div title=""
                                                                class="text-grey-2 w-[95%] overflow-hidden truncate text-xs font-semibold leading-5">
                                                                <span></span>
                                                            </div>
                                                            <div class="bold flex h-5 items-center text-sm">
                                                                <div class="rating-stars_ratingStars__0zPR5">
                                                                    <div title="Glucosamin &amp; Chondroitin - 1440 Kapseln - TRUE NATURE 4x360 St rating"
                                                                        class="rating-stars_stars__TQWHl rating-stars_zeroReviews__0xn8p">
                                                                        <svg xmlns="http://www.w3.org/2000/svg"
                                                                            viewBox="0 0 100 100" width="1rem"
                                                                            id="LEGACY_star-0-percent"
                                                                            aria-label="LEGACY_star-0-percent"
                                                                            role="img">
                                                                            <path fill="currentColor"
                                                                                d="M49.5 15.682 59 38.104l.981 2.315 2.5.214 24.32 2.062-18.467 16-1.9 1.646.573 2.45 5.546 23.775-20.9-12.615-2.152-1.3-2.155 1.3-20.9 12.618 5.546-23.778.573-2.45-1.9-1.646-18.47-16 24.32-2.062 2.506-.214.979-2.315 9.5-22.418m0-10.682L36.16 36.48l-34.162 2.9 25.935 22.465-7.794 33.4L49.5 77.515l29.36 17.72-7.794-33.395 25.932-22.465-34.159-2.9L49.5 5.004z">
                                                                            </path>
                                                                        </svg><svg xmlns="http://www.w3.org/2000/svg"
                                                                            viewBox="0 0 100 100" width="1rem"
                                                                            id="LEGACY_star-0-percent"
                                                                            aria-label="LEGACY_star-0-percent"
                                                                            role="img">
                                                                            <path fill="currentColor"
                                                                                d="M49.5 15.682 59 38.104l.981 2.315 2.5.214 24.32 2.062-18.467 16-1.9 1.646.573 2.45 5.546 23.775-20.9-12.615-2.152-1.3-2.155 1.3-20.9 12.618 5.546-23.778.573-2.45-1.9-1.646-18.47-16 24.32-2.062 2.506-.214.979-2.315 9.5-22.418m0-10.682L36.16 36.48l-34.162 2.9 25.935 22.465-7.794 33.4L49.5 77.515l29.36 17.72-7.794-33.395 25.932-22.465-34.159-2.9L49.5 5.004z">
                                                                            </path>
                                                                        </svg><svg xmlns="http://www.w3.org/2000/svg"
                                                                            viewBox="0 0 100 100" width="1rem"
                                                                            id="LEGACY_star-0-percent"
                                                                            aria-label="LEGACY_star-0-percent"
                                                                            role="img">
                                                                            <path fill="currentColor"
                                                                                d="M49.5 15.682 59 38.104l.981 2.315 2.5.214 24.32 2.062-18.467 16-1.9 1.646.573 2.45 5.546 23.775-20.9-12.615-2.152-1.3-2.155 1.3-20.9 12.618 5.546-23.778.573-2.45-1.9-1.646-18.47-16 24.32-2.062 2.506-.214.979-2.315 9.5-22.418m0-10.682L36.16 36.48l-34.162 2.9 25.935 22.465-7.794 33.4L49.5 77.515l29.36 17.72-7.794-33.395 25.932-22.465-34.159-2.9L49.5 5.004z">
                                                                            </path>
                                                                        </svg><svg xmlns="http://www.w3.org/2000/svg"
                                                                            viewBox="0 0 100 100" width="1rem"
                                                                            id="LEGACY_star-0-percent"
                                                                            aria-label="LEGACY_star-0-percent"
                                                                            role="img">
                                                                            <path fill="currentColor"
                                                                                d="M49.5 15.682 59 38.104l.981 2.315 2.5.214 24.32 2.062-18.467 16-1.9 1.646.573 2.45 5.546 23.775-20.9-12.615-2.152-1.3-2.155 1.3-20.9 12.618 5.546-23.778.573-2.45-1.9-1.646-18.47-16 24.32-2.062 2.506-.214.979-2.315 9.5-22.418m0-10.682L36.16 36.48l-34.162 2.9 25.935 22.465-7.794 33.4L49.5 77.515l29.36 17.72-7.794-33.395 25.932-22.465-34.159-2.9L49.5 5.004z">
                                                                            </path>
                                                                        </svg><svg xmlns="http://www.w3.org/2000/svg"
                                                                            viewBox="0 0 100 100" width="1rem"
                                                                            id="LEGACY_star-0-percent"
                                                                            aria-label="LEGACY_star-0-percent"
                                                                            role="img">
                                                                            <path fill="currentColor"
                                                                                d="M49.5 15.682 59 38.104l.981 2.315 2.5.214 24.32 2.062-18.467 16-1.9 1.646.573 2.45 5.546 23.775-20.9-12.615-2.152-1.3-2.155 1.3-20.9 12.618 5.546-23.778.573-2.45-1.9-1.646-18.47-16 24.32-2.062 2.506-.214.979-2.315 9.5-22.418m0-10.682L36.16 36.48l-34.162 2.9 25.935 22.465-7.794 33.4L49.5 77.515l29.36 17.72-7.794-33.395 25.932-22.465-34.159-2.9L49.5 5.004z">
                                                                            </path>
                                                                        </svg>
                                                                    </div>
                                                                    <div><span
                                                                            class="leading-xl ml-1 text-sm">(<!-- -->0<!-- -->)</span>
                                                                    </div>
                                                                </div>
                                                            </div>
                                                            <div class="mt-2 md:mt-4">
                                                                <div class="h-4 w-[60%]"></div>
                                                                <div class="flex pb-4">
                                                                    <div class="mr-1">
                                                                        <div><span class="sr-only">Rabattstempel</span>
                                                                            <div
                                                                                class="flex items-center justify-center text-right whitespace-nowrap select-none rounded leading-2xl min-w-[2.5rem] max-w-[17.5rem] bg-magenta text-white">
                                                                                <div role="status"
                                                                                    class="inline-flex items-center text-xs px-2 py-1 font-semibold">
                                                                                    <span>-23%</span>
                                                                                </div>
                                                                            </div>
                                                                        </div>
                                                                    </div>
                                                                    <div class="flex text-grey-1 whitespace-nowrap leading-price text-[1.625rem] mt-[0.125rem]"
                                                                        data-testid="sales-price"><span
                                                                            class="sr-only">Verkaufspreis<!-- -->:<span>98,57 €</span></span><span
                                                                            aria-hidden="true"
                                                                            class="font-bold">98<!-- -->,</span>
                                                                        <div class="flex flex-col justify-between"><sup
                                                                                aria-hidden="true"
                                                                                class="top-0 -translate-x-[0.5em] text-[45%] font-bold leading-none">57 €</sup>
                                                                            <div class="translate-y-[10%] pl-1">
                                                                                <div class="text-2xs leading-4xl whitespace-nowrap text-grey-2 tracking-[0.14px]"
                                                                                    data-testid="base-price"><span
                                                                                        class="sr-only">Grundpreis<!-- -->:</span><span>74,45
                                                                                        €/kg</span></div>
                                                                            </div>
                                                                        </div>
                                                                    </div>
                                                                </div>
                                                                <div
                                                                    class="h-4 font-base text-2xs leading-5xl text-grey-2">
                                                                </div>
                                                                <div class="mt-3">
                                                                    <div class="flex text-center w-full"
                                                                        data-testid="add-to-cart-cta"><button
                                                                            aria-disabled="false" type="button"
                                                                            data-testid="add_to_cart_button"
                                                                            class="font-semibold md:inline-flex flex items-center justify-center rounded-lg cursor-pointer px-4 min-w-[6.5rem] h-12 select-none disabled:opacity-40 disabled:cursor-default gap-2 border border-solid border-trust-green bg-transparent text-trust-green hover:[&amp;:not(:disabled)]:bg-transparent hover:[&amp;:not(:disabled)]:border-balance-green hover:[&amp;:not(:disabled)]:text-balance-green focus:[&amp;:not(:disabled)]:bg-transparent focus:[&amp;:not(:disabled)]:border-balance-green focus:[&amp;:not(:disabled)]:text-trust-green w-full"
                                                                            aria-label="In den Warenkorb"><span
                                                                                class="">In den
                                                                                Warenkorb</span></button></div>
                                                                </div>
                                                            </div>
                                                        </div>
                                                        <div
                                                            class="mt-1 text-right font-base text-2xs leading-5xl text-grey-2">
                                                            Gesponsert</div>
                                                    </div>
                                                </a></div>
                                        </div>
                                    </li>
                                    <li class="splide__slide">
                                        <div class="mx-5 mb-6 mt-4 max-w-[226px]">
                                            <div class="h-full"><a data-testid="product-card-sponsored"
                                                    aria-label="Magnetrans extra 243mg Magnesium Hartkapsel 20 St"
                                                    class="hover:shadow-card relative flex h-full max-w-full cursor-pointer flex-col rounded-lg px-4 pb-2 hover:outline-transparent focus:outline-transparent sm:pt-2"
                                                    href="/magnetrans-extra-243mg-magnesium-hartkapsel-20-st/04192999">
                                                    <div data-testid="product-details"
                                                        class="relative flex flex-col justify-between pt-4">
                                                        <div class="flex justify-center">
                                                            <div
                                                                class="relative overflow-hidden ImageSource_image__mca28">
                                                                <span
                                                                    style="box-sizing:border-box;display:inline-block;overflow:hidden;width:initial;height:initial;background:none;opacity:1;border:0;margin:0;padding:0;position:relative;max-width:100%"><span
                                                                        style="box-sizing:border-box;display:block;width:initial;height:initial;background:none;opacity:1;border:0;margin:0;padding:0;max-width:100%"><img
                                                                            style="display:block;max-width:100%;width:initial;height:initial;background:none;opacity:1;border:0;margin:0;padding:0"
                                                                            alt="" aria-hidden="true"
                                                                            src="data:image/svg+xml,%3csvg%20xmlns=%27http://www.w3.org/2000/svg%27%20version=%271.1%27%20width=%27180%27%20height=%27180%27/%3e" /></span><img
                                                                        alt="Magnetrans extra 243mg Magnesium Hartkapsel 20 St"
                                                                        title="Magnetrans extra 243mg Magnesium Hartkapsel 20 St"
                                                                        aria-label="image"
                                                                        src="data:image/gif;base64,R0lGODlhAQABAIAAAAAAAP///yH5BAEAAAAALAAAAAABAAEAAAIBRAA7"
                                                                        decoding="async" data-nimg="intrinsic" class=" "
                                                                        style="position:absolute;top:0;left:0;bottom:0;right:0;box-sizing:border-box;padding:0;border:none;margin:auto;display:block;width:0;height:0;min-width:100%;max-width:100%;min-height:100%;max-height:100%" /><noscript><img
                                                                            alt="Magnetrans extra 243mg Magnesium Hartkapsel 20 St"
                                                                            title="Magnetrans extra 243mg Magnesium Hartkapsel 20 St"
                                                                            aria-label="image" loading="lazy"
                                                                            decoding="async" data-nimg="intrinsic"
                                                                            style="position:absolute;top:0;left:0;bottom:0;right:0;box-sizing:border-box;padding:0;border:none;margin:auto;display:block;width:0;height:0;min-width:100%;max-width:100%;min-height:100%;max-height:100%"
                                                                            class=" "
                                                                            src="https://statics.docmorris.de/static/produkte/FX53W8RY/docmorris/ps1000/magnetrans-extra-243mg-magnesium-hartkapsel-20-st-04192999-0-1714025855909167.jpeg" /></noscript></span><span
                                                                    data-testid="skeleton"
                                                                    class="Skeleton_skeletonbox__Ae1Fg Skeleton_skeletonAnimation__mxWPc"
                                                                    style="width:180px;height:180px;position:absolute"></span>
                                                            </div>
                                                        </div>
                                                    </div>
                                                    <div class="relative flex min-w-0 flex-1 flex-col">
                                                        <div class="flex flex-col justify-between">
                                                            <p data-testid="product-name"
                                                                title="Magnetrans extra 243mg Magnesium Hartkapsel 20 St"
                                                                class="text-grey-1 hover:text-grey-1 focus:text-grey-1 mb-0 line-clamp-2 h-[3.125rem] max-w-[13rem] break-words text-base font-semibold leading-6 focus-within:no-underline focus-within:outline-transparent focus:underline">
                                                                Magnetrans extra 243mg Magnesium Hartkapsel 20 St</p>
                                                            <div
                                                                class="leading-2xl text-grey-2 h-[1.125rem] truncate text-xs font-semibold">
                                                                <span>20 St</span><span> • <!-- -->Hartkapseln</span>
                                                            </div>
                                                            <div title="STADA Consumer Health Deutschland GmbH"
                                                                class="text-grey-2 w-[95%] overflow-hidden truncate text-xs font-semibold leading-5">
                                                                <span>STADA Consumer Health Deutschland GmbH</span>
                                                            </div>
                                                            <div class="bold flex h-5 items-center text-sm">
                                                                <div class="rating-stars_ratingStars__0zPR5">
                                                                    <div title="Magnetrans extra 243mg Magnesium Hartkapsel 20 St rating"
                                                                        class="rating-stars_stars__TQWHl"><svg
                                                                            xmlns="http://www.w3.org/2000/svg"
                                                                            viewBox="0 0 100 100" width="1rem"
                                                                            id="LEGACY_star-100-percent"
                                                                            aria-label="LEGACY_star-100-percent"
                                                                            role="img">
                                                                            <path fill="currentColor"
                                                                                d="m98 39.373-34.162-2.9L50.502 4.995l-13.34 31.486L3 39.381 28.933 61.85l-7.792 33.39 29.36-17.718 29.36 17.718-7.792-33.4z">
                                                                            </path>
                                                                        </svg><svg xmlns="http://www.w3.org/2000/svg"
                                                                            viewBox="0 0 100 100" width="1rem"
                                                                            id="LEGACY_star-100-percent"
                                                                            aria-label="LEGACY_star-100-percent"
                                                                            role="img">
                                                                            <path fill="currentColor"
                                                                                d="m98 39.373-34.162-2.9L50.502 4.995l-13.34 31.486L3 39.381 28.933 61.85l-7.792 33.39 29.36-17.718 29.36 17.718-7.792-33.4z">
                                                                            </path>
                                                                        </svg><svg xmlns="http://www.w3.org/2000/svg"
                                                                            viewBox="0 0 100 100" width="1rem"
                                                                            id="LEGACY_star-100-percent"
                                                                            aria-label="LEGACY_star-100-percent"
                                                                            role="img">
                                                                            <path fill="currentColor"
                                                                                d="m98 39.373-34.162-2.9L50.502 4.995l-13.34 31.486L3 39.381 28.933 61.85l-7.792 33.39 29.36-17.718 29.36 17.718-7.792-33.4z">
                                                                            </path>
                                                                        </svg><svg xmlns="http://www.w3.org/2000/svg"
                                                                            viewBox="0 0 100 100" width="1rem"
                                                                            id="LEGACY_star-100-percent"
                                                                            aria-label="LEGACY_star-100-percent"
                                                                            role="img">
                                                                            <path fill="currentColor"
                                                                                d="m98 39.373-34.162-2.9L50.502 4.995l-13.34 31.486L3 39.381 28.933 61.85l-7.792 33.39 29.36-17.718 29.36 17.718-7.792-33.4z">
                                                                            </path>
                                                                        </svg><svg xmlns="http://www.w3.org/2000/svg"
                                                                            viewBox="0 0 100 100" width="1rem"
                                                                            id="LEGACY_star-100-percent"
                                                                            aria-label="LEGACY_star-100-percent"
                                                                            role="img">
                                                                            <path fill="currentColor"
                                                                                d="m98 39.373-34.162-2.9L50.502 4.995l-13.34 31.486L3 39.381 28.933 61.85l-7.792 33.39 29.36-17.718 29.36 17.718-7.792-33.4z">
                                                                            </path>
                                                                        </svg></div>
                                                                    <div><span
                                                                            class="leading-xl ml-1 text-sm">(<!-- -->22<!-- -->)</span>
                                                                    </div>
                                                                </div>
                                                            </div>
                                                            <div class="mt-2 md:mt-4">
                                                                <div class="h-4 w-[60%]"></div>
                                                                <div class="flex pb-4">
                                                                    <div class="mr-1">
                                                                        <div><span class="sr-only">Rabattstempel</span>
                                                                            <div
                                                                                class="flex items-center justify-center text-right whitespace-nowrap select-none rounded leading-2xl min-w-[2.5rem] max-w-[17.5rem] bg-magenta text-white">
                                                                                <div role="status"
                                                                                    class="inline-flex items-center text-xs px-2 py-1 font-semibold">
                                                                                    <span>-11%</span>
                                                                                </div>
                                                                            </div>
                                                                        </div>
                                                                    </div>
                                                                    <div class="flex text-grey-1 whitespace-nowrap leading-price text-[1.625rem] mt-[0.125rem]"
                                                                        data-testid="sales-price"><span
                                                                            class="sr-only">Verkaufspreis<!-- -->:<span>8,99 €</span></span><span
                                                                            aria-hidden="true"
                                                                            class="font-bold">8<!-- -->,</span>
                                                                        <div class="flex flex-col justify-between"><sup
                                                                                aria-hidden="true"
                                                                                class="top-0 -translate-x-[0.5em] text-[45%] font-bold leading-none">99 €</sup>
                                                                            <div class="translate-y-[10%] pl-1">
                                                                                <div class="text-2xs leading-4xl whitespace-nowrap text-grey-2 tracking-[0.14px]"
                                                                                    data-testid="base-price"><span
                                                                                        class="sr-only">Grundpreis<!-- -->:</span><span>0,45
                                                                                        €/St</span></div>
                                                                            </div>
                                                                        </div>
                                                                    </div>
                                                                </div>
                                                                <div
                                                                    class="h-4 font-base text-2xs leading-5xl text-grey-2">
                                                                </div>
                                                                <div class="mt-3">
                                                                    <div class="flex text-center w-full"
                                                                        data-testid="add-to-cart-cta"><button
                                                                            aria-disabled="false" type="button"
                                                                            data-testid="add_to_cart_button"
                                                                            class="font-semibold md:inline-flex flex items-center justify-center rounded-lg cursor-pointer px-4 min-w-[6.5rem] h-12 select-none disabled:opacity-40 disabled:cursor-default gap-2 border border-solid border-trust-green bg-transparent text-trust-green hover:[&amp;:not(:disabled)]:bg-transparent hover:[&amp;:not(:disabled)]:border-balance-green hover:[&amp;:not(:disabled)]:text-balance-green focus:[&amp;:not(:disabled)]:bg-transparent focus:[&amp;:not(:disabled)]:border-balance-green focus:[&amp;:not(:disabled)]:text-trust-green w-full"
                                                                            aria-label="In den Warenkorb"><span
                                                                                class="">In den
                                                                                Warenkorb</span></button></div>
                                                                </div>
                                                            </div>
                                                        </div>
                                                        <div
                                                            class="mt-1 text-right font-base text-2xs leading-5xl text-grey-2">
                                                            Gesponsert</div>
                                                    </div>
                                                </a></div>
                                        </div>
                                    </li>
                                    <li class="splide__slide">
                                        <div class="mx-5 mb-6 mt-4 max-w-[226px]">
                                            <div class="h-full"><a data-testid="product-card-sponsored"
                                                    aria-label="MAGNETRANS FORTE 150mg Magnesium Hartkapsel 50 St"
                                                    class="hover:shadow-card relative flex h-full max-w-full cursor-pointer flex-col rounded-lg px-4 pb-2 hover:outline-transparent focus:outline-transparent sm:pt-2"
                                                    href="/magnetrans-forte-150mg-magnesium-hartkapsel-50-st/03127847">
                                                    <div data-testid="product-details"
                                                        class="relative flex flex-col justify-between pt-4">
                                                        <div class="flex justify-center">
                                                            <div
                                                                class="relative overflow-hidden ImageSource_image__mca28">
                                                                <span
                                                                    style="box-sizing:border-box;display:inline-block;overflow:hidden;width:initial;height:initial;background:none;opacity:1;border:0;margin:0;padding:0;position:relative;max-width:100%"><span
                                                                        style="box-sizing:border-box;display:block;width:initial;height:initial;background:none;opacity:1;border:0;margin:0;padding:0;max-width:100%"><img
                                                                            style="display:block;max-width:100%;width:initial;height:initial;background:none;opacity:1;border:0;margin:0;padding:0"
                                                                            alt="" aria-hidden="true"
                                                                            src="data:image/svg+xml,%3csvg%20xmlns=%27http://www.w3.org/2000/svg%27%20version=%271.1%27%20width=%27180%27%20height=%27180%27/%3e" /></span><img
                                                                        alt="MAGNETRANS FORTE 150mg Magnesium Hartkapsel 50 St"
                                                                        title="MAGNETRANS FORTE 150mg Magnesium Hartkapsel 50 St"
                                                                        aria-label="image"
                                                                        src="data:image/gif;base64,R0lGODlhAQABAIAAAAAAAP///yH5BAEAAAAALAAAAAABAAEAAAIBRAA7"
                                                                        decoding="async" data-nimg="intrinsic" class=" "
                                                                        style="position:absolute;top:0;left:0;bottom:0;right:0;box-sizing:border-box;padding:0;border:none;margin:auto;display:block;width:0;height:0;min-width:100%;max-width:100%;min-height:100%;max-height:100%" /><noscript><img
                                                                            alt="MAGNETRANS FORTE 150mg Magnesium Hartkapsel 50 St"
                                                                            title="MAGNETRANS FORTE 150mg Magnesium Hartkapsel 50 St"
                                                                            aria-label="image" loading="lazy"
                                                                            decoding="async" data-nimg="intrinsic"
                                                                            style="position:absolute;top:0;left:0;bottom:0;right:0;box-sizing:border-box;padding:0;border:none;margin:auto;display:block;width:0;height:0;min-width:100%;max-width:100%;min-height:100%;max-height:100%"
                                                                            class=" "
                                                                            src="https://statics.docmorris.de/static/produkte/FX5JZW1Y/docmorris/ps1000/magnetrans-forte-150mg-magnesium-hartkapsel-50-st-03127847-0-1714023804658217.jpeg" /></noscript></span><span
                                                                    data-testid="skeleton"
                                                                    class="Skeleton_skeletonbox__Ae1Fg Skeleton_skeletonAnimation__mxWPc"
                                                                    style="width:180px;height:180px;position:absolute"></span>
                                                            </div>
                                                        </div>
                                                    </div>
                                                    <div class="relative flex min-w-0 flex-1 flex-col">
                                                        <div class="flex flex-col justify-between">
                                                            <p data-testid="product-name"
                                                                title="MAGNETRANS FORTE 150mg Magnesium Hartkapsel 50 St"
                                                                class="text-grey-1 hover:text-grey-1 focus:text-grey-1 mb-0 line-clamp-2 h-[3.125rem] max-w-[13rem] break-words text-base font-semibold leading-6 focus-within:no-underline focus-within:outline-transparent focus:underline">
                                                                MAGNETRANS FORTE 150mg Magnesium Hartkapsel 50 St</p>
                                                            <div
                                                                class="leading-2xl text-grey-2 h-[1.125rem] truncate text-xs font-semibold">
                                                                <span>50 St</span><span> • <!-- -->Hartkapseln</span>
                                                            </div>
                                                            <div title="STADA Consumer Health Deutschland GmbH"
                                                                class="text-grey-2 w-[95%] overflow-hidden truncate text-xs font-semibold leading-5">
                                                                <span>STADA Consumer Health Deutschland GmbH</span>
                                                            </div>
                                                            <div class="bold flex h-5 items-center text-sm">
                                                                <div class="rating-stars_ratingStars__0zPR5">
                                                                    <div title="MAGNETRANS FORTE 150mg Magnesium Hartkapsel 50 St rating"
                                                                        class="rating-stars_stars__TQWHl"><svg
                                                                            xmlns="http://www.w3.org/2000/svg"
                                                                            viewBox="0 0 100 100" width="1rem"
                                                                            id="LEGACY_star-100-percent"
                                                                            aria-label="LEGACY_star-100-percent"
                                                                            role="img">
                                                                            <path fill="currentColor"
                                                                                d="m98 39.373-34.162-2.9L50.502 4.995l-13.34 31.486L3 39.381 28.933 61.85l-7.792 33.39 29.36-17.718 29.36 17.718-7.792-33.4z">
                                                                            </path>
                                                                        </svg><svg xmlns="http://www.w3.org/2000/svg"
                                                                            viewBox="0 0 100 100" width="1rem"
                                                                            id="LEGACY_star-100-percent"
                                                                            aria-label="LEGACY_star-100-percent"
                                                                            role="img">
                                                                            <path fill="currentColor"
                                                                                d="m98 39.373-34.162-2.9L50.502 4.995l-13.34 31.486L3 39.381 28.933 61.85l-7.792 33.39 29.36-17.718 29.36 17.718-7.792-33.4z">
                                                                            </path>
                                                                        </svg><svg xmlns="http://www.w3.org/2000/svg"
                                                                            viewBox="0 0 100 100" width="1rem"
                                                                            id="LEGACY_star-100-percent"
                                                                            aria-label="LEGACY_star-100-percent"
                                                                            role="img">
                                                                            <path fill="currentColor"
                                                                                d="m98 39.373-34.162-2.9L50.502 4.995l-13.34 31.486L3 39.381 28.933 61.85l-7.792 33.39 29.36-17.718 29.36 17.718-7.792-33.4z">
                                                                            </path>
                                                                        </svg><svg xmlns="http://www.w3.org/2000/svg"
                                                                            viewBox="0 0 100 100" width="1rem"
                                                                            id="LEGACY_star-100-percent"
                                                                            aria-label="LEGACY_star-100-percent"
                                                                            role="img">
                                                                            <path fill="currentColor"
                                                                                d="m98 39.373-34.162-2.9L50.502 4.995l-13.34 31.486L3 39.381 28.933 61.85l-7.792 33.39 29.36-17.718 29.36 17.718-7.792-33.4z">
                                                                            </path>
                                                                        </svg><svg xmlns="http://www.w3.org/2000/svg"
                                                                            viewBox="0 0 100 100" width="1rem"
                                                                            id="LEGACY_star-50-percent"
                                                                            aria-label="LEGACY_star-50-percent"
                                                                            role="img">
                                                                            <defs>
                                                                                <clipPath id="a">
                                                                                    <path fill="none"
                                                                                        d="M60.838 31.473 47.498 0l-13.34 31.473-34.159 2.9 25.932 22.465-7.791 33.4 29.357-17.72 29.357 17.717-7.788-33.395 25.932-22.465z">
                                                                                    </path>
                                                                                </clipPath>
                                                                            </defs>
                                                                            <path fill="currentColor"
                                                                                d="m50.499 15.679 9.5 22.42.981 2.312 2.5.214L87.8 42.69l-18.467 16-1.9 1.646.57 2.45 5.549 23.774-20.9-12.615-2.155-1.3-2.152 1.3-20.9 12.618 5.549-23.777.57-2.45-1.9-1.646-18.467-16 24.319-2.065 2.5-.214.981-2.312 9.5-22.42m0-10.679-13.34 31.473-34.159 2.9L28.93 61.838l-7.791 33.4 29.357-17.72 29.36 17.717-7.791-33.395 25.932-22.465-34.162-2.9-13.34-31.473z">
                                                                            </path>
                                                                            <g clip-path="url(#a)"
                                                                                transform="translate(3 5)">
                                                                                <path fill="currentColor"
                                                                                    d="M-27.726-24.617H47.5V99.42h-75.226z">
                                                                                </path>
                                                                            </g>
                                                                        </svg></div>
                                                                    <div><span
                                                                            class="leading-xl ml-1 text-sm">(<!-- -->56<!-- -->)</span>
                                                                    </div>
                                                                </div>
                                                            </div>
                                                            <div class="mt-2 md:mt-4">
                                                                <div class="h-4 w-[60%]"></div>
                                                                <div class="flex pb-4">
                                                                    <div class="mr-1">
                                                                        <div><span class="sr-only">Rabattstempel</span>
                                                                            <div
                                                                                class="flex items-center justify-center text-right whitespace-nowrap select-none rounded leading-2xl min-w-[2.5rem] max-w-[17.5rem] bg-magenta text-white">
                                                                                <div role="status"
                                                                                    class="inline-flex items-center text-xs px-2 py-1 font-semibold">
                                                                                    <span>-32%</span>
                                                                                </div>
                                                                            </div>
                                                                        </div>
                                                                    </div>
                                                                    <div class="flex text-grey-1 whitespace-nowrap leading-price text-[1.625rem] mt-[0.125rem]"
                                                                        data-testid="sales-price"><span
                                                                            class="sr-only">Verkaufspreis<!-- -->:<span>9,29 €</span></span><span
                                                                            aria-hidden="true"
                                                                            class="font-bold">9<!-- -->,</span>
                                                                        <div class="flex flex-col justify-between"><sup
                                                                                aria-hidden="true"
                                                                                class="top-0 -translate-x-[0.5em] text-[45%] font-bold leading-none">29 €</sup>
                                                                            <div class="translate-y-[10%] pl-1">
                                                                                <div class="text-2xs leading-4xl whitespace-nowrap text-grey-2 tracking-[0.14px]"
                                                                                    data-testid="base-price"><span
                                                                                        class="sr-only">Grundpreis<!-- -->:</span><span>0,19
                                                                                        €/St</span></div>
                                                                            </div>
                                                                        </div>
                                                                    </div>
                                                                </div>
                                                                <div
                                                                    class="h-4 font-base text-2xs leading-5xl text-grey-2">
                                                                </div>
                                                                <div class="mt-3">
                                                                    <div class="flex text-center w-full"
                                                                        data-testid="add-to-cart-cta"><button
                                                                            aria-disabled="false" type="button"
                                                                            data-testid="add_to_cart_button"
                                                                            class="font-semibold md:inline-flex flex items-center justify-center rounded-lg cursor-pointer px-4 min-w-[6.5rem] h-12 select-none disabled:opacity-40 disabled:cursor-default gap-2 border border-solid border-trust-green bg-transparent text-trust-green hover:[&amp;:not(:disabled)]:bg-transparent hover:[&amp;:not(:disabled)]:border-balance-green hover:[&amp;:not(:disabled)]:text-balance-green focus:[&amp;:not(:disabled)]:bg-transparent focus:[&amp;:not(:disabled)]:border-balance-green focus:[&amp;:not(:disabled)]:text-trust-green w-full"
                                                                            aria-label="In den Warenkorb"><span
                                                                                class="">In den
                                                                                Warenkorb</span></button></div>
                                                                </div>
                                                            </div>
                                                        </div>
                                                        <div
                                                            class="mt-1 text-right font-base text-2xs leading-5xl text-grey-2">
                                                            Gesponsert</div>
                                                    </div>
                                                </a></div>
                                        </div>
                                    </li>
                                </ul>
                            </div>
                            <div class="splide__arrows"><button
                                    class="flex items-center justify-center rounded-full bg-white p-2.5 shadow-iconButton disabled:opacity-40 hover:[&amp;:not(:disabled)]:border-grey-2 hover:[&amp;:not(:disabled)]:text-balance-green focus:[&amp;:not(:disabled)]:border-grey-2 focus:[&amp;:not(:disabled)]:text-balance-green h-10 w-10 splide__arrow splide__arrow--prev !left-0 Carousel_splide__arrow--prev__8QhVr"
                                    aria-label="Vorherige folie"><svg xmlns="http://www.w3.org/2000/svg"
                                        viewBox="0 0 24 24" height="1.25rem" width="1.25rem" aria-hidden="true"
                                        focusable="false" id="button-right" aria-label="button-right" role="img">
                                        <path fill="none" stroke="currentColor" stroke-linecap="round"
                                            stroke-linejoin="round" stroke-width="1.5" d="m7.51 3 8.99 9.03-9 8.97">
                                        </path>
                                    </svg></button><button
                                    class="flex items-center justify-center rounded-full bg-white p-2.5 shadow-iconButton disabled:opacity-40 hover:[&amp;:not(:disabled)]:border-grey-2 hover:[&amp;:not(:disabled)]:text-balance-green focus:[&amp;:not(:disabled)]:border-grey-2 focus:[&amp;:not(:disabled)]:text-balance-green h-10 w-10 splide__arrow splide__arrow--next !right-0 Carousel_splide__arrow--next__ucuhR"
                                    aria-label="Nächste folie"><svg xmlns="http://www.w3.org/2000/svg"
                                        viewBox="0 0 24 24" height="1.25rem" width="1.25rem" aria-hidden="true"
                                        focusable="false" id="button-right" aria-label="button-right" role="img">
                                        <path fill="none" stroke="currentColor" stroke-linecap="round"
                                            stroke-linejoin="round" stroke-width="1.5" d="m7.51 3 8.99 9.03-9 8.97">
                                        </path>
                                    </svg></button></div>
                        </div>
                    </div>
                    <div data-testid="pdp-reviews"></div>
                    <div id="product_detail"></div>
                    <div id="kairion__wideLeader--a" class="pb-4"></div>
                    <div id="kairion__wideLeader--b" class="pb-4"></div>
                </div>
            </main>
            <footer data-testid="footer" class="Footer_mainFooter__SuP2V">
                <section data-testid="footer-information-section"
                    class="FooterInformationSection_footerInformationBar__uvdIm">
                    <div data-testid=""
                        class="mx-auto px-3 my-0 py-0 max-w-[1280px] md:px-10 sm:pb-24 legacy:px-[10px]">
                        <div class="dm--row items-stretch FooterInformationSection_noRightMargin__iH5T_">
                            <div class="FooterInformationSection_section__E3JYC dm--col-lg-3 dm--col-md-8">
                                <p class="FooterInformationSection_headline__KLEam">Jobs &amp; Karriere</p>
                                <p class="FooterInformationSection_text__15wZF">Werden Sie Teil unseres Teams und
                                    bringen Sie Ihre Ideen und Kompetenzen ein.</p><a
                                    href="https://zurrosegroup.com/de/karriere/jobs/"
                                    class="font-semibold md:inline-flex items-center justify-center cursor-pointer min-w-[6.5rem] select-none disabled:opacity-40 disabled:cursor-default gap-2 inline-flex w-auto border border-solid border-grey-3 bg-grey-3 text-white hover:[&amp;:not(:disabled)]:border-grey-2 hover:[&amp;:not(:disabled)]:bg-grey-2 hover:[&amp;:not(:disabled)]:text-white focus:[&amp;:not(:disabled)]:border-denim-blue focus:[&amp;:not(:disabled)]:bg-grey-2 focus:[&amp;:not(:disabled)]:text-white px-3 h-10 text-xs rounded-md mt-2 lg:absolute lg:bottom-0 lg:right-4"
                                    title="Mehr erfahren" target="_blank"><span class="">Mehr erfahren</span><svg
                                        xmlns="http://www.w3.org/2000/svg" viewBox="0 0 24 24" height="0.875rem"
                                        width="0.875rem" id="button-right" aria-label="button-right" role="img">
                                        <path fill="none" stroke="currentColor" stroke-linecap="round"
                                            stroke-linejoin="round" stroke-width="1.5" d="m7.51 3 8.99 9.03-9 8.97">
                                        </path>
                                    </svg></a>
                            </div>
                            <div class="FooterInformationSection_section__E3JYC dm--col-lg-5 dm--col-md-8">
                                <p class="FooterInformationSection_headline__KLEam">Newsletter-Anmeldung</p>
                                <section>
                                    <div class="flex">
                                        <div class="FooterInformationSection_image__lLY50">
                                            <div class="relative overflow-hidden ImageSource_image__mca28"><span
                                                    style="box-sizing:border-box;display:inline-block;overflow:hidden;width:initial;height:initial;background:none;opacity:1;border:0;margin:0;padding:0;position:relative;max-width:100%"><span
                                                        style="box-sizing:border-box;display:block;width:initial;height:initial;background:none;opacity:1;border:0;margin:0;padding:0;max-width:100%"><img
                                                            style="display:block;max-width:100%;width:initial;height:initial;background:none;opacity:1;border:0;margin:0;padding:0"
                                                            alt="" aria-hidden="true"
                                                            src="data:image/svg+xml,%3csvg%20xmlns=%27http://www.w3.org/2000/svg%27%20version=%271.1%27%20width=%27130%27%20height=%27156%27/%3e" /></span><img
                                                        alt="5€ für Sie" title="5€ für Sie" aria-label="image"
                                                        src="data:image/gif;base64,R0lGODlhAQABAIAAAAAAAP///yH5BAEAAAAALAAAAAABAAEAAAIBRAA7"
                                                        decoding="async" data-nimg="intrinsic" class=" "
                                                        style="position:absolute;top:0;left:0;bottom:0;right:0;box-sizing:border-box;padding:0;border:none;margin:auto;display:block;width:0;height:0;min-width:100%;max-width:100%;min-height:100%;max-height:100%" /><noscript><img
                                                            alt="5€ für Sie" title="5€ für Sie" aria-label="image"
                                                            loading="lazy" decoding="async" data-nimg="intrinsic"
                                                            style="position:absolute;top:0;left:0;bottom:0;right:0;box-sizing:border-box;padding:0;border:none;margin:auto;display:block;width:0;height:0;min-width:100%;max-width:100%;min-height:100%;max-height:100%"
                                                            class=" "
                                                            src="https://statics.docmorris-plus.de/static/docmorris/cms/section_footer_coupon_rebrand_a42d89f875.png" /></noscript></span><span
                                                    data-testid="skeleton"
                                                    class="Skeleton_skeletonbox__Ae1Fg Skeleton_skeletonAnimation__mxWPc"
                                                    style="width:130px;height:156px;position:absolute"></span></div>
                                        </div>
                                        <p class="FooterInformationSection_text__15wZF">Zum Newsletter anmelden,
                                            Gutschein sichern und immer auf dem Laufenden sein!</p>
                                    </div><button aria-disabled="false" type="button"
                                        class="font-semibold md:inline-flex flex items-center justify-center cursor-pointer min-w-[6.5rem] select-none disabled:opacity-40 disabled:cursor-default gap-2 border border-solid border-grey-3 bg-grey-3 text-white hover:[&amp;:not(:disabled)]:border-grey-2 hover:[&amp;:not(:disabled)]:bg-grey-2 hover:[&amp;:not(:disabled)]:text-white focus:[&amp;:not(:disabled)]:border-denim-blue focus:[&amp;:not(:disabled)]:bg-grey-2 focus:[&amp;:not(:disabled)]:text-white px-3 h-10 text-xs leading-loose rounded-md mt-2 lg:absolute lg:bottom-0 lg:right-4"
                                        aria-label="Mehr erfahren"><span class="">Mehr erfahren</span><svg
                                            xmlns="http://www.w3.org/2000/svg" viewBox="0 0 24 24" height="1rem"
                                            width="1rem" class="shrink-0 stroke-2" focusable="false" id="button-right"
                                            aria-label="button-right" role="img">
                                            <path fill="none" stroke="currentColor" stroke-linecap="round"
                                                stroke-linejoin="round" stroke-width="1.5" d="m7.51 3 8.99 9.03-9 8.97">
                                            </path>
                                        </svg></button>
                                </section>
                            </div>
                            <div class="FooterInformationSection_section__E3JYC dm--col-lg-5 dm--col-md-8">
                                <p class="FooterInformationSection_headline__KLEam">Kunden-Service</p>
                                <ul class="FooterInformationSection_serviceList__HxaLv">
                                    <li class="FooterInformationSection_serviceItem__APE93"><svg viewBox="0 0 24 24"
                                            fill="none" xmlns="http://www.w3.org/2000/svg" stroke="currentColor"
                                            stroke-width="1.5" stroke-linecap="round" stroke-linejoin="round"
                                            height="1.5rem" width="1.5rem" id="email" aria-label="email" role="img">
                                            <path fill-rule="evenodd" clip-rule="evenodd"
                                                d="M3 6.8V6.8C3 7.4 3.3 7.9 3.8 8.3L9.8 12.4C11.2 13.3 12.9 13.3 14.3 12.4L20.3 8.4C20.7 7.9 21 7.4 21 6.8V6.8C21 5.8 20.2 5 19.2 5H4.8C3.8 5 3 5.8 3 6.8Z">
                                            </path>
                                            <path d="M3 7V17C3 18.1 3.9 19 5 19H19C20.1 19 21 18.1 21 17V7"></path>
                                            <path d="M3.58801 18.412L9.68201 12.318"></path>
                                            <path d="M14.36 12.36L20.412 18.412"></path>
                                        </svg><a href="https://support.docmorris.de/hc/de"
                                            class="FooterInformationSection_text__15wZF">Zum DocMorris Hilfe-Center</a>
                                    </li>
                                    <li class="FooterInformationSection_serviceItem__APE93"><svg viewBox="0 0 24 24"
                                            fill="none" xmlns="http://www.w3.org/2000/svg" stroke="currentColor"
                                            stroke-width="1.5" stroke-linecap="round" stroke-linejoin="round"
                                            height="1.5rem" width="1.5rem" id="video-chat" aria-label="video-chat"
                                            role="img">
                                            <path d="M8 3H6C4.34315 3 3 4.34315 3 6V8"></path>
                                            <path d="M17 21H18C19.6569 21 21 19.6569 21 18V12"></path>
                                            <path
                                                d="M12 21C12 20.337 11.7366 19.7011 11.2678 19.2322C10.7989 18.7634 10.163 18.5 9.5 18.5H4.5C3.11929 18.5 2 19.6193 2 21">
                                            </path>
                                            <circle cx="7" cy="13.5" r="2.5"></circle>
                                            <rect x="12" y="2" width="7" height="7" rx="1.61538"></rect>
                                            <path
                                                d="M19 6.66398L21.0089 7.90228C21.2094 8.02589 21.4612 8.03133 21.6668 7.9165C21.8725 7.80167 22 7.58455 22 7.34898V3.65098C22 3.41541 21.8725 3.19828 21.6669 3.08344C21.4612 2.9686 21.2095 2.97404 21.0089 3.09765L19 4.33598">
                                            </path>
                                        </svg><a class="FooterInformationSection_text__15wZF"
                                            href="/lp/pharmazeutische-beratung/videoberatung">Video-LiveChat<span
                                                class="FooterInformationSection_textInfo__rMCaR">(Mo-Fr: 8:00-16:30
                                                Uhr)</span></a></li>
                                    <li class="FooterInformationSection_serviceItem__APE93"><svg viewBox="0 0 24 24"
                                            fill="none" xmlns="http://www.w3.org/2000/svg" stroke="currentColor"
                                            stroke-width="1.5" stroke-linecap="round" stroke-linejoin="round"
                                            height="1.5rem" width="1.5rem" id="chat" aria-label="chat" role="img">
                                            <path fill-rule="evenodd" clip-rule="evenodd"
                                                d="M14 18L18 21V18H19C20.105 18 21 17.105 21 16V10C21 8.895 20.105 8 19 8H11C9.895 8 9 8.895 9 10V16C9 17.105 9.895 18 11 18H14Z">
                                            </path>
                                            <path
                                                d="M9 15L6 17V14H5C3.895 14 3 13.105 3 12V6C3 4.895 3.895 4 5 4H14C15.105 4 16 4.895 16 6V8">
                                            </path>
                                            <path
                                                d="M12.4304 12.9646C12.4499 12.9842 12.4499 13.0158 12.4304 13.0354C12.4109 13.0549 12.3792 13.0549 12.3597 13.0354C12.3402 13.0158 12.3402 12.9842 12.3597 12.9646C12.3792 12.9451 12.4109 12.9451 12.4304 12.9646">
                                            </path>
                                            <path
                                                d="M15.0354 12.9646C15.0549 12.9842 15.0549 13.0158 15.0354 13.0354C15.0159 13.0549 14.9842 13.0549 14.9647 13.0354C14.9451 13.0158 14.9451 12.9842 14.9647 12.9646C14.9842 12.9451 15.0159 12.9451 15.0354 12.9646">
                                            </path>
                                            <path
                                                d="M17.6404 12.9646C17.6599 12.9842 17.6599 13.0158 17.6404 13.0354C17.6209 13.0549 17.5892 13.0549 17.5697 13.0354C17.5502 13.0158 17.5502 12.9842 17.5697 12.9646C17.5892 12.9451 17.6209 12.9451 17.6404 12.9646">
                                            </path>
                                        </svg><a class="FooterInformationSection_text__15wZF"
                                            href="/hilfe-kontakt/digitaler-assistent">LiveChat<span
                                                class="FooterInformationSection_textInfo__rMCaR">(Mo-Fr: 8-20
                                                Uhr)</span></a></li>
                                </ul>
                            </div>
                            <div class="FooterInformationSection_section__E3JYC dm--col-lg-3 dm--col-md-8">
                                <p class="FooterInformationSection_headline__KLEam">Docmorris App</p>
                                <p class="FooterInformationSection_text__15wZF">Die App von DocMorris jetzt mit
                                    E-Rezept-Scanner:</p><a
                                    href="https://play.google.com/store/apps/details?id=de.docmorris.pharmacyapp"
                                    target="_blank" rel="noreferrer">
                                    <div
                                        class="FooterInformationSection_image__lLY50 FooterInformationSection_imageApp__Q7lc_">
                                        <div class="relative overflow-hidden ImageSource_image__mca28"><span
                                                style="box-sizing:border-box;display:inline-block;overflow:hidden;width:initial;height:initial;background:none;opacity:1;border:0;margin:0;padding:0;position:relative;max-width:100%"><span
                                                    style="box-sizing:border-box;display:block;width:initial;height:initial;background:none;opacity:1;border:0;margin:0;padding:0;max-width:100%"><img
                                                        style="display:block;max-width:100%;width:initial;height:initial;background:none;opacity:1;border:0;margin:0;padding:0"
                                                        alt="" aria-hidden="true"
                                                        src="data:image/svg+xml,%3csvg%20xmlns=%27http://www.w3.org/2000/svg%27%20version=%271.1%27%20width=%27200%27%20height=%2764%27/%3e" /></span><img
                                                    alt="Jetzt bei Google Play" title="Jetzt bei Google Play"
                                                    aria-label="image"
                                                    src="data:image/gif;base64,R0lGODlhAQABAIAAAAAAAP///yH5BAEAAAAALAAAAAABAAEAAAIBRAA7"
                                                    decoding="async" data-nimg="intrinsic" class=" "
                                                    style="position:absolute;top:0;left:0;bottom:0;right:0;box-sizing:border-box;padding:0;border:none;margin:auto;display:block;width:0;height:0;min-width:100%;max-width:100%;min-height:100%;max-height:100%" /><noscript><img
                                                        alt="Jetzt bei Google Play" title="Jetzt bei Google Play"
                                                        aria-label="image" loading="lazy" decoding="async"
                                                        data-nimg="intrinsic"
                                                        style="position:absolute;top:0;left:0;bottom:0;right:0;box-sizing:border-box;padding:0;border:none;margin:auto;display:block;width:0;height:0;min-width:100%;max-width:100%;min-height:100%;max-height:100%"
                                                        class=" "
                                                        src="https://statics.docmorris-plus.de/static/docmorris/cms/section_footer_logo_google_play_e1a05de843.png" /></noscript></span><span
                                                data-testid="skeleton"
                                                class="Skeleton_skeletonbox__Ae1Fg Skeleton_skeletonAnimation__mxWPc"
                                                style="width:200px;height:64.5px;position:absolute"></span></div>
                                    </div>
                                </a><a href="https://apps.apple.com/de/app/docmorris-apotheke/id976600580"
                                    target="_blank" rel="noreferrer">
                                    <div
                                        class="FooterInformationSection_image__lLY50 FooterInformationSection_imageApp__Q7lc_">
                                        <div class="relative overflow-hidden ImageSource_image__mca28"><span
                                                style="box-sizing:border-box;display:inline-block;overflow:hidden;width:initial;height:initial;background:none;opacity:1;border:0;margin:0;padding:0;position:relative;max-width:100%"><span
                                                    style="box-sizing:border-box;display:block;width:initial;height:initial;background:none;opacity:1;border:0;margin:0;padding:0;max-width:100%"><img
                                                        style="display:block;max-width:100%;width:initial;height:initial;background:none;opacity:1;border:0;margin:0;padding:0"
                                                        alt="" aria-hidden="true"
                                                        src="data:image/svg+xml,%3csvg%20xmlns=%27http://www.w3.org/2000/svg%27%20version=%271.1%27%20width=%27200%27%20height=%2764%27/%3e" /></span><img
                                                    alt="Laden im App Store" title="Laden im App Store"
                                                    aria-label="image"
                                                    src="data:image/gif;base64,R0lGODlhAQABAIAAAAAAAP///yH5BAEAAAAALAAAAAABAAEAAAIBRAA7"
                                                    decoding="async" data-nimg="intrinsic" class=" "
                                                    style="position:absolute;top:0;left:0;bottom:0;right:0;box-sizing:border-box;padding:0;border:none;margin:auto;display:block;width:0;height:0;min-width:100%;max-width:100%;min-height:100%;max-height:100%" /><noscript><img
                                                        alt="Laden im App Store" title="Laden im App Store"
                                                        aria-label="image" loading="lazy" decoding="async"
                                                        data-nimg="intrinsic"
                                                        style="position:absolute;top:0;left:0;bottom:0;right:0;box-sizing:border-box;padding:0;border:none;margin:auto;display:block;width:0;height:0;min-width:100%;max-width:100%;min-height:100%;max-height:100%"
                                                        class=" "
                                                        src="https://statics.docmorris-plus.de/static/docmorris/cms/section_footer_logo_apple_store_cf5a2896fc.png" /></noscript></span><span
                                                data-testid="skeleton"
                                                class="Skeleton_skeletonbox__Ae1Fg Skeleton_skeletonAnimation__mxWPc"
                                                style="width:200px;height:64.5px;position:absolute"></span></div>
                                    </div>
                                </a>
                            </div>
                        </div>
                    </div>
                </section>
                <section data-testid="footer-benefits-section" class="FooterBenefitsSection_footerBenefitsBar__Bk_ou">
                    <div data-testid=""
                        class="mx-auto px-3 my-0 py-0 max-w-[1280px] md:px-10 sm:pb-24 legacy:px-[10px]">
                        <div class="dm--row items-center justify-between FooterBenefitsSection_noRightMargin__3TboB">
                            <div class="dm--col-lg-0 dm-col-md-8">
                                <p class="FooterBenefitsSection_title__ixnVZ">Unsere Liefer-Services</p>
                            </div>
                            <div class="dm--col-lg-3 dm--col-md-8">
                                <div class="FooterBenefitsSection_benefitContainer__UkdaW"><svg viewBox="0 0 24 24"
                                        fill="none" xmlns="http://www.w3.org/2000/svg" stroke="currentColor"
                                        stroke-width="1.5" stroke-linecap="round" stroke-linejoin="round"
                                        height="0.75rem" width="0.75rem" class="FooterBenefitsSection_checkIcon__lEa5n"
                                        id="check" aria-label="check" role="img">
                                        <path d="M20 6.5L9 17.5L4 12.5"></path>
                                    </svg><svg xmlns="http://www.w3.org/2000/svg" viewBox="0 0 24 24" height="4.5rem"
                                        width="4.5rem" class="FooterBenefitsSection_shippingIcon__7_yTJ" id="express"
                                        aria-label="express" role="img">
                                        <path fill="none" stroke="currentColor" stroke-linecap="round"
                                            stroke-linejoin="round" stroke-width="1.5"
                                            d="M4.5 9H3M4.5 15H3M4 12H2M5.64 5.64a9.015 9.015 0 0 1 9.81-1.95c3.36 1.39 5.56 4.67 5.56 8.31s-2.19 6.92-5.56 8.31a9.019 9.019 0 0 1-9.81-1.95">
                                        </path>
                                        <path fill="none" stroke="currentColor" stroke-linecap="round"
                                            stroke-linejoin="round" stroke-width="1.5"
                                            d="m15.5 14.63-3 1.73c-.31.18-.69.18-1 0l-3-1.73c-.31-.18-.5-.51-.5-.87v-3.54c0-.36.19-.69.5-.87l3-1.73c.31-.18.69-.18 1 0l3 1.73c.31.18.5.51.5.87v3.54c0 .36-.19.69-.5.87Z">
                                        </path>
                                        <path fill="none" stroke="currentColor" stroke-linecap="round"
                                            stroke-linejoin="round" stroke-width="1.5"
                                            d="m15.87 9.73-3.37 1.94c-.31.18-.69.18-1 0L8.13 9.73M12 16.5v-4.69"></path>
                                    </svg></div>
                            </div>
                            <div class="dm--col-lg-3 dm--col-md-8">
                                <div class="FooterBenefitsSection_benefitContainer__UkdaW"><svg viewBox="0 0 24 24"
                                        fill="none" xmlns="http://www.w3.org/2000/svg" stroke="currentColor"
                                        stroke-width="1.5" stroke-linecap="round" stroke-linejoin="round"
                                        height="0.75rem" width="0.75rem" class="FooterBenefitsSection_checkIcon__lEa5n"
                                        id="check" aria-label="check" role="img">
                                        <path d="M20 6.5L9 17.5L4 12.5"></path>
                                    </svg>
                                    <div><span class="FooterBenefitsSection_benefit__vRl3C">Schneller
                                            Versand</span><span
                                            class="FooterBenefitsSection_benefitCondition__G28oC">oft innerhalb von 24
                                            h</span></div>
                                </div>
                            </div>
                            <div class="dm--col-lg-4 dm--col-md-8">
                                <div class="FooterBenefitsSection_benefitContainer__UkdaW"><svg viewBox="0 0 24 24"
                                        fill="none" xmlns="http://www.w3.org/2000/svg" stroke="currentColor"
                                        stroke-width="1.5" stroke-linecap="round" stroke-linejoin="round"
                                        height="0.75rem" width="0.75rem" class="FooterBenefitsSection_checkIcon__lEa5n"
                                        id="check" aria-label="check" role="img">
                                        <path d="M20 6.5L9 17.5L4 12.5"></path>
                                    </svg>
                                    <div><span
                                            class="FooterBenefitsSection_benefit__vRl3C">Versandkostenfrei</span><span
                                            class="FooterBenefitsSection_benefitCondition__G28oC">ab 19 € oder bei
                                            Rezepteinsendung. Ansonsten nur 3,50 €</span></div>
                                </div>
                            </div>
                            <div class="dm--col-lg-3 dm--col-md-8">
                                <div class="FooterBenefitsSection_benefitContainer__UkdaW"><svg viewBox="0 0 24 24"
                                        fill="none" xmlns="http://www.w3.org/2000/svg" stroke="currentColor"
                                        stroke-width="1.5" stroke-linecap="round" stroke-linejoin="round"
                                        height="0.75rem" width="0.75rem" class="FooterBenefitsSection_checkIcon__lEa5n"
                                        id="check" aria-label="check" role="img">
                                        <path d="M20 6.5L9 17.5L4 12.5"></path>
                                    </svg>
                                    <div><span class="FooterBenefitsSection_benefit__vRl3C">Lieferoptionen</span><span
                                            class="FooterBenefitsSection_benefitCondition__G28oC">Packstation &amp;
                                            Postfiliale, PaketShops</span></div>
                                </div>
                            </div>
                            <div class="dm--col-lg-3 dm--col-md-8">
                                <div class="FooterBenefitsSection_benefitContainer__UkdaW"><svg viewBox="0 0 24 24"
                                        fill="none" xmlns="http://www.w3.org/2000/svg" stroke="currentColor"
                                        stroke-width="1.5" stroke-linecap="round" stroke-linejoin="round"
                                        height="0.75rem" width="0.75rem" class="FooterBenefitsSection_checkIcon__lEa5n"
                                        id="check" aria-label="check" role="img">
                                        <path d="M20 6.5L9 17.5L4 12.5"></path>
                                    </svg>
                                    <div><span class="FooterBenefitsSection_benefit__vRl3C">Kühltransport</span><span
                                            class="FooterBenefitsSection_benefitCondition__G28oC">wenn
                                            erforderlich</span></div>
                                </div>
                            </div>
                        </div>
                    </div>
                </section>
                <section data-testid="footer-trust-section" class="FooterTrustSection_footerTrustSection___SMzD">
                    <div data-testid=""
                        class="mx-auto px-3 my-0 py-0 max-w-[1280px] md:px-10 sm:pb-24 legacy:px-[10px]">
                        <div class="dm--row">
                            <div class="dm--col-lg-3 dm--col-md-8">
                                <div class="FooterTrustSection_wrapper__nhoMm">
                                    <p class="FooterTrustSection_title__YZJzq uppercase">Zahlarten</p>
                                    <ul class="FooterTrustSection_list__jPuhY">
                                        <li class="FooterTrustSection_listItem__3JSSp">
                                            <div class="relative overflow-hidden ImageSource_image__mca28"><span
                                                    style="box-sizing:border-box;display:inline-block;overflow:hidden;width:50px;height:29.5px;background:none;opacity:1;border:0;margin:0;padding:0;position:relative"><img
                                                        alt="Bezahlen mit PayPal bei DocMorris"
                                                        title="Bezahlen mit PayPal bei DocMorris" aria-label="image"
                                                        src="data:image/gif;base64,R0lGODlhAQABAIAAAAAAAP///yH5BAEAAAAALAAAAAABAAEAAAIBRAA7"
                                                        decoding="async" data-nimg="fixed" class=" "
                                                        style="position:absolute;top:0;left:0;bottom:0;right:0;box-sizing:border-box;padding:0;border:none;margin:auto;display:block;width:0;height:0;min-width:100%;max-width:100%;min-height:100%;max-height:100%" /><noscript><img
                                                            alt="Bezahlen mit PayPal bei DocMorris"
                                                            title="Bezahlen mit PayPal bei DocMorris" aria-label="image"
                                                            loading="lazy" decoding="async" data-nimg="fixed"
                                                            style="position:absolute;top:0;left:0;bottom:0;right:0;box-sizing:border-box;padding:0;border:none;margin:auto;display:block;width:0;height:0;min-width:100%;max-width:100%;min-height:100%;max-height:100%"
                                                            class=" "
                                                            src="https://statics.docmorris-plus.de/static/docmorris/cms/section_footer_logo_paypal_c62070ec68.png" /></noscript></span><span
                                                    data-testid="skeleton"
                                                    class="Skeleton_skeletonbox__Ae1Fg Skeleton_skeletonAnimation__mxWPc"
                                                    style="width:50px;height:29.5px;position:absolute"></span></div>
                                        </li>
                                        <li class="FooterTrustSection_listItem__3JSSp">
                                            <div class="relative overflow-hidden ImageSource_image__mca28"><span
                                                    style="box-sizing:border-box;display:inline-block;overflow:hidden;width:50px;height:29.5px;background:none;opacity:1;border:0;margin:0;padding:0;position:relative"><img
                                                        alt="Bezahlen per Rechnung bei DocMorris"
                                                        title="Bezahlen per Rechnung bei DocMorris" aria-label="image"
                                                        src="data:image/gif;base64,R0lGODlhAQABAIAAAAAAAP///yH5BAEAAAAALAAAAAABAAEAAAIBRAA7"
                                                        decoding="async" data-nimg="fixed" class=" "
                                                        style="position:absolute;top:0;left:0;bottom:0;right:0;box-sizing:border-box;padding:0;border:none;margin:auto;display:block;width:0;height:0;min-width:100%;max-width:100%;min-height:100%;max-height:100%" /><noscript><img
                                                            alt="Bezahlen per Rechnung bei DocMorris"
                                                            title="Bezahlen per Rechnung bei DocMorris"
                                                            aria-label="image" loading="lazy" decoding="async"
                                                            data-nimg="fixed"
                                                            style="position:absolute;top:0;left:0;bottom:0;right:0;box-sizing:border-box;padding:0;border:none;margin:auto;display:block;width:0;height:0;min-width:100%;max-width:100%;min-height:100%;max-height:100%"
                                                            class=" "
                                                            src="https://statics.docmorris-plus.de/static/docmorris/cms/section_footer_logo_rechnung_20371736fe.png" /></noscript></span><span
                                                    data-testid="skeleton"
                                                    class="Skeleton_skeletonbox__Ae1Fg Skeleton_skeletonAnimation__mxWPc"
                                                    style="width:50px;height:29.5px;position:absolute"></span></div>
                                        </li>
                                        <li class="FooterTrustSection_listItem__3JSSp">
                                            <div class="relative overflow-hidden ImageSource_image__mca28"><span
                                                    style="box-sizing:border-box;display:inline-block;overflow:hidden;width:50px;height:29.5px;background:none;opacity:1;border:0;margin:0;padding:0;position:relative"><img
                                                        alt="Bezahlen mit MasterCard bei DocMorris"
                                                        title="Bezahlen mit MasterCard bei DocMorris" aria-label="image"
                                                        src="data:image/gif;base64,R0lGODlhAQABAIAAAAAAAP///yH5BAEAAAAALAAAAAABAAEAAAIBRAA7"
                                                        decoding="async" data-nimg="fixed" class=" "
                                                        style="position:absolute;top:0;left:0;bottom:0;right:0;box-sizing:border-box;padding:0;border:none;margin:auto;display:block;width:0;height:0;min-width:100%;max-width:100%;min-height:100%;max-height:100%" /><noscript><img
                                                            alt="Bezahlen mit MasterCard bei DocMorris"
                                                            title="Bezahlen mit MasterCard bei DocMorris"
                                                            aria-label="image" loading="lazy" decoding="async"
                                                            data-nimg="fixed"
                                                            style="position:absolute;top:0;left:0;bottom:0;right:0;box-sizing:border-box;padding:0;border:none;margin:auto;display:block;width:0;height:0;min-width:100%;max-width:100%;min-height:100%;max-height:100%"
                                                            class=" "
                                                            src="https://statics.docmorris-plus.de/static/docmorris/cms/section_footer_logo_mastercard_7ab9ce6756.png" /></noscript></span><span
                                                    data-testid="skeleton"
                                                    class="Skeleton_skeletonbox__Ae1Fg Skeleton_skeletonAnimation__mxWPc"
                                                    style="width:50px;height:29.5px;position:absolute"></span></div>
                                        </li>
                                        <li class="FooterTrustSection_listItem__3JSSp">
                                            <div class="relative overflow-hidden ImageSource_image__mca28"><span
                                                    style="box-sizing:border-box;display:inline-block;overflow:hidden;width:50px;height:29.5px;background:none;opacity:1;border:0;margin:0;padding:0;position:relative"><img
                                                        alt="Bezahlen mit sofort bei DocMorris"
                                                        title="Bezahlen mit sofort bei DocMorris" aria-label="image"
                                                        src="data:image/gif;base64,R0lGODlhAQABAIAAAAAAAP///yH5BAEAAAAALAAAAAABAAEAAAIBRAA7"
                                                        decoding="async" data-nimg="fixed" class=" "
                                                        style="position:absolute;top:0;left:0;bottom:0;right:0;box-sizing:border-box;padding:0;border:none;margin:auto;display:block;width:0;height:0;min-width:100%;max-width:100%;min-height:100%;max-height:100%" /><noscript><img
                                                            alt="Bezahlen mit sofort bei DocMorris"
                                                            title="Bezahlen mit sofort bei DocMorris" aria-label="image"
                                                            loading="lazy" decoding="async" data-nimg="fixed"
                                                            style="position:absolute;top:0;left:0;bottom:0;right:0;box-sizing:border-box;padding:0;border:none;margin:auto;display:block;width:0;height:0;min-width:100%;max-width:100%;min-height:100%;max-height:100%"
                                                            class=" "
                                                            src="https://statics.docmorris-plus.de/static/docmorris/cms/section_footer_logo_sofort_2084e019d1.png" /></noscript></span><span
                                                    data-testid="skeleton"
                                                    class="Skeleton_skeletonbox__Ae1Fg Skeleton_skeletonAnimation__mxWPc"
                                                    style="width:50px;height:29.5px;position:absolute"></span></div>
                                        </li>
                                        <li class="FooterTrustSection_listItem__3JSSp">
                                            <div class="relative overflow-hidden ImageSource_image__mca28"><span
                                                    style="box-sizing:border-box;display:inline-block;overflow:hidden;width:50px;height:29.5px;background:none;opacity:1;border:0;margin:0;padding:0;position:relative"><img
                                                        alt="Bezahlen per Lastschrift bei DocMorris"
                                                        title="Bezahlen per Lastschrift bei DocMorris"
                                                        aria-label="image"
                                                        src="data:image/gif;base64,R0lGODlhAQABAIAAAAAAAP///yH5BAEAAAAALAAAAAABAAEAAAIBRAA7"
                                                        decoding="async" data-nimg="fixed" class=" "
                                                        style="position:absolute;top:0;left:0;bottom:0;right:0;box-sizing:border-box;padding:0;border:none;margin:auto;display:block;width:0;height:0;min-width:100%;max-width:100%;min-height:100%;max-height:100%" /><noscript><img
                                                            alt="Bezahlen per Lastschrift bei DocMorris"
                                                            title="Bezahlen per Lastschrift bei DocMorris"
                                                            aria-label="image" loading="lazy" decoding="async"
                                                            data-nimg="fixed"
                                                            style="position:absolute;top:0;left:0;bottom:0;right:0;box-sizing:border-box;padding:0;border:none;margin:auto;display:block;width:0;height:0;min-width:100%;max-width:100%;min-height:100%;max-height:100%"
                                                            class=" "
                                                            src="https://statics.docmorris-plus.de/static/docmorris/cms/section_footer_logo_lastschrift_54f1f21d3e.png" /></noscript></span><span
                                                    data-testid="skeleton"
                                                    class="Skeleton_skeletonbox__Ae1Fg Skeleton_skeletonAnimation__mxWPc"
                                                    style="width:50px;height:29.5px;position:absolute"></span></div>
                                        </li>
                                        <li class="FooterTrustSection_listItem__3JSSp">
                                            <div class="relative overflow-hidden ImageSource_image__mca28"><span
                                                    style="box-sizing:border-box;display:inline-block;overflow:hidden;width:50px;height:29.5px;background:none;opacity:1;border:0;margin:0;padding:0;position:relative"><img
                                                        alt="Bezahlen per Visa bei DocMorris"
                                                        title="Bezahlen per Visa bei DocMorris" aria-label="image"
                                                        src="data:image/gif;base64,R0lGODlhAQABAIAAAAAAAP///yH5BAEAAAAALAAAAAABAAEAAAIBRAA7"
                                                        decoding="async" data-nimg="fixed" class=" "
                                                        style="position:absolute;top:0;left:0;bottom:0;right:0;box-sizing:border-box;padding:0;border:none;margin:auto;display:block;width:0;height:0;min-width:100%;max-width:100%;min-height:100%;max-height:100%" /><noscript><img
                                                            alt="Bezahlen per Visa bei DocMorris"
                                                            title="Bezahlen per Visa bei DocMorris" aria-label="image"
                                                            loading="lazy" decoding="async" data-nimg="fixed"
                                                            style="position:absolute;top:0;left:0;bottom:0;right:0;box-sizing:border-box;padding:0;border:none;margin:auto;display:block;width:0;height:0;min-width:100%;max-width:100%;min-height:100%;max-height:100%"
                                                            class=" "
                                                            src="https://statics.docmorris-plus.de/static/docmorris/cms/section_footer_logo_visa_596ed126cb.png" /></noscript></span><span
                                                    data-testid="skeleton"
                                                    class="Skeleton_skeletonbox__Ae1Fg Skeleton_skeletonAnimation__mxWPc"
                                                    style="width:50px;height:29.5px;position:absolute"></span></div>
                                        </li>
                                    </ul>
                                </div>
                            </div>
                            <div class="dm--col-lg-3 dm--col-md-8">
                                <div class="FooterTrustSection_wrapper__nhoMm">
                                    <p class="FooterTrustSection_title__YZJzq uppercase">Versand</p>
                                    <ul class="FooterTrustSection_list__jPuhY">
                                        <li class="FooterTrustSection_listItem__3JSSp">
                                            <div class="relative overflow-hidden ImageSource_image__mca28"><span
                                                    style="box-sizing:border-box;display:inline-block;overflow:hidden;width:50px;height:29.5px;background:none;opacity:1;border:0;margin:0;padding:0;position:relative"><img
                                                        alt="Versand mit DHL bei DocMorris"
                                                        title="Versand mit DHL bei DocMorris" aria-label="image"
                                                        src="data:image/gif;base64,R0lGODlhAQABAIAAAAAAAP///yH5BAEAAAAALAAAAAABAAEAAAIBRAA7"
                                                        decoding="async" data-nimg="fixed" class=" "
                                                        style="position:absolute;top:0;left:0;bottom:0;right:0;box-sizing:border-box;padding:0;border:none;margin:auto;display:block;width:0;height:0;min-width:100%;max-width:100%;min-height:100%;max-height:100%" /><noscript><img
                                                            alt="Versand mit DHL bei DocMorris"
                                                            title="Versand mit DHL bei DocMorris" aria-label="image"
                                                            loading="lazy" decoding="async" data-nimg="fixed"
                                                            style="position:absolute;top:0;left:0;bottom:0;right:0;box-sizing:border-box;padding:0;border:none;margin:auto;display:block;width:0;height:0;min-width:100%;max-width:100%;min-height:100%;max-height:100%"
                                                            class=" "
                                                            src="https://statics.docmorris-plus.de/static/docmorris/cms/section_footer_logo_dhl_7302c81c2f.png" /></noscript></span><span
                                                    data-testid="skeleton"
                                                    class="Skeleton_skeletonbox__Ae1Fg Skeleton_skeletonAnimation__mxWPc"
                                                    style="width:50px;height:29.5px;position:absolute"></span></div>
                                        </li>
                                        <li class="FooterTrustSection_listItem__3JSSp">
                                            <div class="relative overflow-hidden ImageSource_image__mca28"><span
                                                    style="box-sizing:border-box;display:inline-block;overflow:hidden;width:50px;height:29.5px;background:none;opacity:1;border:0;margin:0;padding:0;position:relative"><img
                                                        alt="Versand an DHL Packstation bei DocMorris"
                                                        title="Versand an DHL Packstation bei DocMorris"
                                                        aria-label="image"
                                                        src="data:image/gif;base64,R0lGODlhAQABAIAAAAAAAP///yH5BAEAAAAALAAAAAABAAEAAAIBRAA7"
                                                        decoding="async" data-nimg="fixed" class=" "
                                                        style="position:absolute;top:0;left:0;bottom:0;right:0;box-sizing:border-box;padding:0;border:none;margin:auto;display:block;width:0;height:0;min-width:100%;max-width:100%;min-height:100%;max-height:100%" /><noscript><img
                                                            alt="Versand an DHL Packstation bei DocMorris"
                                                            title="Versand an DHL Packstation bei DocMorris"
                                                            aria-label="image" loading="lazy" decoding="async"
                                                            data-nimg="fixed"
                                                            style="position:absolute;top:0;left:0;bottom:0;right:0;box-sizing:border-box;padding:0;border:none;margin:auto;display:block;width:0;height:0;min-width:100%;max-width:100%;min-height:100%;max-height:100%"
                                                            class=" "
                                                            src="https://statics.docmorris-plus.de/static/docmorris/cms/section_footer_logo_dhlpackstation_3f93e39c8e.png" /></noscript></span><span
                                                    data-testid="skeleton"
                                                    class="Skeleton_skeletonbox__Ae1Fg Skeleton_skeletonAnimation__mxWPc"
                                                    style="width:50px;height:29.5px;position:absolute"></span></div>
                                        </li>
                                        <li class="FooterTrustSection_listItem__3JSSp">
                                            <div class="relative overflow-hidden ImageSource_image__mca28"><span
                                                    style="box-sizing:border-box;display:inline-block;overflow:hidden;width:50px;height:29.5px;background:none;opacity:1;border:0;margin:0;padding:0;position:relative"><img
                                                        alt="Versand per Hermes bei DocMorris"
                                                        title="Versand per Hermes bei DocMorris" aria-label="image"
                                                        src="data:image/gif;base64,R0lGODlhAQABAIAAAAAAAP///yH5BAEAAAAALAAAAAABAAEAAAIBRAA7"
                                                        decoding="async" data-nimg="fixed" class=" "
                                                        style="position:absolute;top:0;left:0;bottom:0;right:0;box-sizing:border-box;padding:0;border:none;margin:auto;display:block;width:0;height:0;min-width:100%;max-width:100%;min-height:100%;max-height:100%" /><noscript><img
                                                            alt="Versand per Hermes bei DocMorris"
                                                            title="Versand per Hermes bei DocMorris" aria-label="image"
                                                            loading="lazy" decoding="async" data-nimg="fixed"
                                                            style="position:absolute;top:0;left:0;bottom:0;right:0;box-sizing:border-box;padding:0;border:none;margin:auto;display:block;width:0;height:0;min-width:100%;max-width:100%;min-height:100%;max-height:100%"
                                                            class=" "
                                                            src="https://statics.docmorris-plus.de/static/docmorris/cms/section_footer_logo_hermes_0549516eaa.png" /></noscript></span><span
                                                    data-testid="skeleton"
                                                    class="Skeleton_skeletonbox__Ae1Fg Skeleton_skeletonAnimation__mxWPc"
                                                    style="width:50px;height:29.5px;position:absolute"></span></div>
                                        </li>
                                        <li class="FooterTrustSection_listItem__3JSSp">
                                            <div class="relative overflow-hidden ImageSource_image__mca28"><span
                                                    style="box-sizing:border-box;display:inline-block;overflow:hidden;width:50px;height:29.5px;background:none;opacity:1;border:0;margin:0;padding:0;position:relative"><img
                                                        alt="Versand an Hermes PaketShops bei DocMorris"
                                                        title="Versand an Hermes PaketShops bei DocMorris"
                                                        aria-label="image"
                                                        src="data:image/gif;base64,R0lGODlhAQABAIAAAAAAAP///yH5BAEAAAAALAAAAAABAAEAAAIBRAA7"
                                                        decoding="async" data-nimg="fixed" class=" "
                                                        style="position:absolute;top:0;left:0;bottom:0;right:0;box-sizing:border-box;padding:0;border:none;margin:auto;display:block;width:0;height:0;min-width:100%;max-width:100%;min-height:100%;max-height:100%" /><noscript><img
                                                            alt="Versand an Hermes PaketShops bei DocMorris"
                                                            title="Versand an Hermes PaketShops bei DocMorris"
                                                            aria-label="image" loading="lazy" decoding="async"
                                                            data-nimg="fixed"
                                                            style="position:absolute;top:0;left:0;bottom:0;right:0;box-sizing:border-box;padding:0;border:none;margin:auto;display:block;width:0;height:0;min-width:100%;max-width:100%;min-height:100%;max-height:100%"
                                                            class=" "
                                                            src="https://statics.docmorris-plus.de/static/docmorris/cms/section_footer_logo_hermespaketshop_fa33003ccd.png" /></noscript></span><span
                                                    data-testid="skeleton"
                                                    class="Skeleton_skeletonbox__Ae1Fg Skeleton_skeletonAnimation__mxWPc"
                                                    style="width:50px;height:29.5px;position:absolute"></span></div>
                                        </li>
                                        <li class="FooterTrustSection_listItem__3JSSp">
                                            <div class="relative overflow-hidden ImageSource_image__mca28"><span
                                                    style="box-sizing:border-box;display:inline-block;overflow:hidden;width:50px;height:29.5px;background:none;opacity:1;border:0;margin:0;padding:0;position:relative"><img
                                                        alt="Gekühlter Versand mit trans-o-flex"
                                                        title="Gekühlter Versand mit trans-o-flex" aria-label="image"
                                                        src="data:image/gif;base64,R0lGODlhAQABAIAAAAAAAP///yH5BAEAAAAALAAAAAABAAEAAAIBRAA7"
                                                        decoding="async" data-nimg="fixed" class=" "
                                                        style="position:absolute;top:0;left:0;bottom:0;right:0;box-sizing:border-box;padding:0;border:none;margin:auto;display:block;width:0;height:0;min-width:100%;max-width:100%;min-height:100%;max-height:100%" /><noscript><img
                                                            alt="Gekühlter Versand mit trans-o-flex"
                                                            title="Gekühlter Versand mit trans-o-flex"
                                                            aria-label="image" loading="lazy" decoding="async"
                                                            data-nimg="fixed"
                                                            style="position:absolute;top:0;left:0;bottom:0;right:0;box-sizing:border-box;padding:0;border:none;margin:auto;display:block;width:0;height:0;min-width:100%;max-width:100%;min-height:100%;max-height:100%"
                                                            class=" "
                                                            src="https://statics.docmorris-plus.de/static/docmorris/cms/section_footer_logo_thermomed_6da525b6c9.png" /></noscript></span><span
                                                    data-testid="skeleton"
                                                    class="Skeleton_skeletonbox__Ae1Fg Skeleton_skeletonAnimation__mxWPc"
                                                    style="width:50px;height:29.5px;position:absolute"></span></div>
                                        </li>
                                        <li class="FooterTrustSection_listItem__3JSSp">
                                            <div class="relative overflow-hidden ImageSource_image__mca28"><span
                                                    style="box-sizing:border-box;display:inline-block;overflow:hidden;width:50px;height:29.5px;background:none;opacity:1;border:0;margin:0;padding:0;position:relative"><img
                                                        alt="Gekühlter Versand mit trans-o-flex"
                                                        title="Gekühlter Versand mit trans-o-flex" aria-label="image"
                                                        src="data:image/gif;base64,R0lGODlhAQABAIAAAAAAAP///yH5BAEAAAAALAAAAAABAAEAAAIBRAA7"
                                                        decoding="async" data-nimg="fixed" class=" "
                                                        style="position:absolute;top:0;left:0;bottom:0;right:0;box-sizing:border-box;padding:0;border:none;margin:auto;display:block;width:0;height:0;min-width:100%;max-width:100%;min-height:100%;max-height:100%" /><noscript><img
                                                            alt="Gekühlter Versand mit trans-o-flex"
                                                            title="Gekühlter Versand mit trans-o-flex"
                                                            aria-label="image" loading="lazy" decoding="async"
                                                            data-nimg="fixed"
                                                            style="position:absolute;top:0;left:0;bottom:0;right:0;box-sizing:border-box;padding:0;border:none;margin:auto;display:block;width:0;height:0;min-width:100%;max-width:100%;min-height:100%;max-height:100%"
                                                            class=" "
                                                            src="https://statics.docmorris-plus.de/static/docmorris/cms/ups_healthcare_logo_70x40px_3e9058630a.png" /></noscript></span><span
                                                    data-testid="skeleton"
                                                    class="Skeleton_skeletonbox__Ae1Fg Skeleton_skeletonAnimation__mxWPc"
                                                    style="width:50px;height:29.5px;position:absolute"></span></div>
                                        </li>
                                    </ul>
                                </div>
                            </div>
                            <div class="dm--col-lg-3 dm--col-md-8">
                                <div class="FooterTrustSection_wrapper__nhoMm">
                                    <p class="FooterTrustSection_title__YZJzq uppercase">Sicher ist sicher</p>
                                    <ul class="FooterTrustSection_list__jPuhY">
                                        <li class="FooterTrustSection_listItem__3JSSp"><a
                                                href="https://www.trustedshops.com/shop/certificate.php?shop_id=XBCC64701E89EAC3EC1353A189AA2C6DD"
                                                title="Sicher ist sicher mit Trusted Shops bei DocMorris"
                                                target="_blank" rel="noopener noreferrer">
                                                <div class="relative overflow-hidden ImageSource_image__mca28"><span
                                                        style="box-sizing:border-box;display:inline-block;overflow:hidden;width:50px;height:29.5px;background:none;opacity:1;border:0;margin:0;padding:0;position:relative"><img
                                                            alt="Sicher ist sicher mit Trusted Shops bei DocMorris"
                                                            title="Sicher ist sicher mit Trusted Shops bei DocMorris"
                                                            aria-label="image"
                                                            src="data:image/gif;base64,R0lGODlhAQABAIAAAAAAAP///yH5BAEAAAAALAAAAAABAAEAAAIBRAA7"
                                                            decoding="async" data-nimg="fixed" class=" "
                                                            style="position:absolute;top:0;left:0;bottom:0;right:0;box-sizing:border-box;padding:0;border:none;margin:auto;display:block;width:0;height:0;min-width:100%;max-width:100%;min-height:100%;max-height:100%" /><noscript><img
                                                                alt="Sicher ist sicher mit Trusted Shops bei DocMorris"
                                                                title="Sicher ist sicher mit Trusted Shops bei DocMorris"
                                                                aria-label="image" loading="lazy" decoding="async"
                                                                data-nimg="fixed"
                                                                style="position:absolute;top:0;left:0;bottom:0;right:0;box-sizing:border-box;padding:0;border:none;margin:auto;display:block;width:0;height:0;min-width:100%;max-width:100%;min-height:100%;max-height:100%"
                                                                class=" "
                                                                src="https://statics.docmorris-plus.de/static/docmorris/cms/section_footer_logo_trustedshops_4b1374909c.png" /></noscript></span><span
                                                        data-testid="skeleton"
                                                        class="Skeleton_skeletonbox__Ae1Fg Skeleton_skeletonAnimation__mxWPc"
                                                        style="width:50px;height:29.5px;position:absolute"></span></div>
                                            </a></li>
                                        <li class="FooterTrustSection_listItem__3JSSp"><a
                                                href="https://www.certipedia.com/quality_marks/0000040681?locale=de"
                                                title="Sicher ist sicher dank TÜV-Zertifizierung bei DocMorris"
                                                target="_blank" rel="noopener noreferrer">
                                                <div class="relative overflow-hidden ImageSource_image__mca28"><span
                                                        style="box-sizing:border-box;display:inline-block;overflow:hidden;width:50px;height:29.5px;background:none;opacity:1;border:0;margin:0;padding:0;position:relative"><img
                                                            alt="Sicher ist sicher dank TÜV-Zertifizierung bei DocMorris"
                                                            title="Sicher ist sicher dank TÜV-Zertifizierung bei DocMorris"
                                                            aria-label="image"
                                                            src="data:image/gif;base64,R0lGODlhAQABAIAAAAAAAP///yH5BAEAAAAALAAAAAABAAEAAAIBRAA7"
                                                            decoding="async" data-nimg="fixed" class=" "
                                                            style="position:absolute;top:0;left:0;bottom:0;right:0;box-sizing:border-box;padding:0;border:none;margin:auto;display:block;width:0;height:0;min-width:100%;max-width:100%;min-height:100%;max-height:100%" /><noscript><img
                                                                alt="Sicher ist sicher dank TÜV-Zertifizierung bei DocMorris"
                                                                title="Sicher ist sicher dank TÜV-Zertifizierung bei DocMorris"
                                                                aria-label="image" loading="lazy" decoding="async"
                                                                data-nimg="fixed"
                                                                style="position:absolute;top:0;left:0;bottom:0;right:0;box-sizing:border-box;padding:0;border:none;margin:auto;display:block;width:0;height:0;min-width:100%;max-width:100%;min-height:100%;max-height:100%"
                                                                class=" "
                                                                src="https://statics.docmorris-plus.de/static/docmorris/cms/section_footer_logo_tuv_fb7ca5cf74.png" /></noscript></span><span
                                                        data-testid="skeleton"
                                                        class="Skeleton_skeletonbox__Ae1Fg Skeleton_skeletonAnimation__mxWPc"
                                                        style="width:50px;height:29.5px;position:absolute"></span></div>
                                            </a></li>
                                        <li class="FooterTrustSection_listItem__3JSSp"><a
                                                href="https://www.eaep.com/de/"
                                                title="Sicher ist sicher beim Mitglied der European Association of Mail Service Pharmacies"
                                                target="_blank" rel="noopener noreferrer">
                                                <div class="relative overflow-hidden ImageSource_image__mca28"><span
                                                        style="box-sizing:border-box;display:inline-block;overflow:hidden;width:50px;height:29.5px;background:none;opacity:1;border:0;margin:0;padding:0;position:relative"><img
                                                            alt="Sicher ist sicher beim Mitglied der European Association of Mail Service Pharmacies"
                                                            title="Sicher ist sicher beim Mitglied der European Association of Mail Service Pharmacies"
                                                            aria-label="image"
                                                            src="data:image/gif;base64,R0lGODlhAQABAIAAAAAAAP///yH5BAEAAAAALAAAAAABAAEAAAIBRAA7"
                                                            decoding="async" data-nimg="fixed" class=" "
                                                            style="position:absolute;top:0;left:0;bottom:0;right:0;box-sizing:border-box;padding:0;border:none;margin:auto;display:block;width:0;height:0;min-width:100%;max-width:100%;min-height:100%;max-height:100%" /><noscript><img
                                                                alt="Sicher ist sicher beim Mitglied der European Association of Mail Service Pharmacies"
                                                                title="Sicher ist sicher beim Mitglied der European Association of Mail Service Pharmacies"
                                                                aria-label="image" loading="lazy" decoding="async"
                                                                data-nimg="fixed"
                                                                style="position:absolute;top:0;left:0;bottom:0;right:0;box-sizing:border-box;padding:0;border:none;margin:auto;display:block;width:0;height:0;min-width:100%;max-width:100%;min-height:100%;max-height:100%"
                                                                class=" "
                                                                src="https://statics.docmorris-plus.de/static/docmorris/cms/section_footer_logo_eamsp_303d0021f6.png" /></noscript></span><span
                                                        data-testid="skeleton"
                                                        class="Skeleton_skeletonbox__Ae1Fg Skeleton_skeletonAnimation__mxWPc"
                                                        style="width:50px;height:29.5px;position:absolute"></span></div>
                                            </a></li>
                                    </ul>
                                </div>
                            </div>
                            <div class="dm--col-lg-3 dm--col-md-8">
                                <div class="FooterTrustSection_wrapper__nhoMm">
                                    <p class="FooterTrustSection_title__YZJzq uppercase">Folgen sie Docmorris</p>
                                    <ul class="FooterTrustSection_list__jPuhY">
                                        <li class="FooterTrustSection_listItem__3JSSp"><a
                                                href="https://www.docmorris-blog.de/" title="DocMorris Blog"
                                                target="_blank" rel="noopener noreferrer">
                                                <div class="relative overflow-hidden ImageSource_image__mca28"><span
                                                        style="box-sizing:border-box;display:inline-block;overflow:hidden;width:50px;height:29.5px;background:none;opacity:1;border:0;margin:0;padding:0;position:relative"><img
                                                            alt="DocMorris Blog" title="DocMorris Blog"
                                                            aria-label="image"
                                                            src="data:image/gif;base64,R0lGODlhAQABAIAAAAAAAP///yH5BAEAAAAALAAAAAABAAEAAAIBRAA7"
                                                            decoding="async" data-nimg="fixed" class=" "
                                                            style="position:absolute;top:0;left:0;bottom:0;right:0;box-sizing:border-box;padding:0;border:none;margin:auto;display:block;width:0;height:0;min-width:100%;max-width:100%;min-height:100%;max-height:100%" /><noscript><img
                                                                alt="DocMorris Blog" title="DocMorris Blog"
                                                                aria-label="image" loading="lazy" decoding="async"
                                                                data-nimg="fixed"
                                                                style="position:absolute;top:0;left:0;bottom:0;right:0;box-sizing:border-box;padding:0;border:none;margin:auto;display:block;width:0;height:0;min-width:100%;max-width:100%;min-height:100%;max-height:100%"
                                                                class=" "
                                                                src="https://statics.docmorris-plus.de/static/docmorris/cms/section_footer_logo_blog_neu_49f94cb542.png" /></noscript></span><span
                                                        data-testid="skeleton"
                                                        class="Skeleton_skeletonbox__Ae1Fg Skeleton_skeletonAnimation__mxWPc"
                                                        style="width:50px;height:29.5px;position:absolute"></span></div>
                                            </a></li>
                                        <li class="FooterTrustSection_listItem__3JSSp"><a
                                                href="https://twitter.com/docmorris" title="DocMorris bei Twitter"
                                                target="_blank" rel="noopener noreferrer">
                                                <div class="relative overflow-hidden ImageSource_image__mca28"><span
                                                        style="box-sizing:border-box;display:inline-block;overflow:hidden;width:50px;height:29.5px;background:none;opacity:1;border:0;margin:0;padding:0;position:relative"><img
                                                            alt="DocMorris bei Twitter" title="DocMorris bei Twitter"
                                                            aria-label="image"
                                                            src="data:image/gif;base64,R0lGODlhAQABAIAAAAAAAP///yH5BAEAAAAALAAAAAABAAEAAAIBRAA7"
                                                            decoding="async" data-nimg="fixed" class=" "
                                                            style="position:absolute;top:0;left:0;bottom:0;right:0;box-sizing:border-box;padding:0;border:none;margin:auto;display:block;width:0;height:0;min-width:100%;max-width:100%;min-height:100%;max-height:100%" /><noscript><img
                                                                alt="DocMorris bei Twitter"
                                                                title="DocMorris bei Twitter" aria-label="image"
                                                                loading="lazy" decoding="async" data-nimg="fixed"
                                                                style="position:absolute;top:0;left:0;bottom:0;right:0;box-sizing:border-box;padding:0;border:none;margin:auto;display:block;width:0;height:0;min-width:100%;max-width:100%;min-height:100%;max-height:100%"
                                                                class=" "
                                                                src="https://statics.docmorris-plus.de/static/docmorris/cms/section_footer_logo_twitter_9421a6a4fd.png" /></noscript></span><span
                                                        data-testid="skeleton"
                                                        class="Skeleton_skeletonbox__Ae1Fg Skeleton_skeletonAnimation__mxWPc"
                                                        style="width:50px;height:29.5px;position:absolute"></span></div>
                                            </a></li>
                                        <li class="FooterTrustSection_listItem__3JSSp"><a
                                                href="https://www.facebook.com/DocMorris" title="DocMorris bei Facebook"
                                                target="_blank" rel="noopener noreferrer">
                                                <div class="relative overflow-hidden ImageSource_image__mca28"><span
                                                        style="box-sizing:border-box;display:inline-block;overflow:hidden;width:50px;height:29.5px;background:none;opacity:1;border:0;margin:0;padding:0;position:relative"><img
                                                            alt="DocMorris bei Facebook" title="DocMorris bei Facebook"
                                                            aria-label="image"
                                                            src="data:image/gif;base64,R0lGODlhAQABAIAAAAAAAP///yH5BAEAAAAALAAAAAABAAEAAAIBRAA7"
                                                            decoding="async" data-nimg="fixed" class=" "
                                                            style="position:absolute;top:0;left:0;bottom:0;right:0;box-sizing:border-box;padding:0;border:none;margin:auto;display:block;width:0;height:0;min-width:100%;max-width:100%;min-height:100%;max-height:100%" /><noscript><img
                                                                alt="DocMorris bei Facebook"
                                                                title="DocMorris bei Facebook" aria-label="image"
                                                                loading="lazy" decoding="async" data-nimg="fixed"
                                                                style="position:absolute;top:0;left:0;bottom:0;right:0;box-sizing:border-box;padding:0;border:none;margin:auto;display:block;width:0;height:0;min-width:100%;max-width:100%;min-height:100%;max-height:100%"
                                                                class=" "
                                                                src="https://statics.docmorris-plus.de/static/docmorris/cms/section_footer_logo_facebook_cf6781702a.png" /></noscript></span><span
                                                        data-testid="skeleton"
                                                        class="Skeleton_skeletonbox__Ae1Fg Skeleton_skeletonAnimation__mxWPc"
                                                        style="width:50px;height:29.5px;position:absolute"></span></div>
                                            </a></li>
                                        <li class="FooterTrustSection_listItem__3JSSp"><a
                                                href="https://www.youtube.com/docmorris" title="DocMorris bei Youtube"
                                                target="_blank" rel="noopener noreferrer">
                                                <div class="relative overflow-hidden ImageSource_image__mca28"><span
                                                        style="box-sizing:border-box;display:inline-block;overflow:hidden;width:50px;height:29.5px;background:none;opacity:1;border:0;margin:0;padding:0;position:relative"><img
                                                            alt="DocMorris bei Youtube" title="DocMorris bei Youtube"
                                                            aria-label="image"
                                                            src="data:image/gif;base64,R0lGODlhAQABAIAAAAAAAP///yH5BAEAAAAALAAAAAABAAEAAAIBRAA7"
                                                            decoding="async" data-nimg="fixed" class=" "
                                                            style="position:absolute;top:0;left:0;bottom:0;right:0;box-sizing:border-box;padding:0;border:none;margin:auto;display:block;width:0;height:0;min-width:100%;max-width:100%;min-height:100%;max-height:100%" /><noscript><img
                                                                alt="DocMorris bei Youtube"
                                                                title="DocMorris bei Youtube" aria-label="image"
                                                                loading="lazy" decoding="async" data-nimg="fixed"
                                                                style="position:absolute;top:0;left:0;bottom:0;right:0;box-sizing:border-box;padding:0;border:none;margin:auto;display:block;width:0;height:0;min-width:100%;max-width:100%;min-height:100%;max-height:100%"
                                                                class=" "
                                                                src="https://statics.docmorris-plus.de/static/docmorris/cms/section_footer_logo_youtube_fda024f69f.png" /></noscript></span><span
                                                        data-testid="skeleton"
                                                        class="Skeleton_skeletonbox__Ae1Fg Skeleton_skeletonAnimation__mxWPc"
                                                        style="width:50px;height:29.5px;position:absolute"></span></div>
                                            </a></li>
                                        <li class="FooterTrustSection_listItem__3JSSp"><a
                                                href="https://www.instagram.com/docmorris/"
                                                title="DocMorris bei Instagram" target="_blank"
                                                rel="noopener noreferrer">
                                                <div class="relative overflow-hidden ImageSource_image__mca28"><span
                                                        style="box-sizing:border-box;display:inline-block;overflow:hidden;width:50px;height:29.5px;background:none;opacity:1;border:0;margin:0;padding:0;position:relative"><img
                                                            alt="DocMorris bei Instagram"
                                                            title="DocMorris bei Instagram" aria-label="image"
                                                            src="data:image/gif;base64,R0lGODlhAQABAIAAAAAAAP///yH5BAEAAAAALAAAAAABAAEAAAIBRAA7"
                                                            decoding="async" data-nimg="fixed" class=" "
                                                            style="position:absolute;top:0;left:0;bottom:0;right:0;box-sizing:border-box;padding:0;border:none;margin:auto;display:block;width:0;height:0;min-width:100%;max-width:100%;min-height:100%;max-height:100%" /><noscript><img
                                                                alt="DocMorris bei Instagram"
                                                                title="DocMorris bei Instagram" aria-label="image"
                                                                loading="lazy" decoding="async" data-nimg="fixed"
                                                                style="position:absolute;top:0;left:0;bottom:0;right:0;box-sizing:border-box;padding:0;border:none;margin:auto;display:block;width:0;height:0;min-width:100%;max-width:100%;min-height:100%;max-height:100%"
                                                                class=" "
                                                                src="https://statics.docmorris-plus.de/static/docmorris/cms/section_footer_logo_instagram_b4fb478372.png" /></noscript></span><span
                                                        data-testid="skeleton"
                                                        class="Skeleton_skeletonbox__Ae1Fg Skeleton_skeletonAnimation__mxWPc"
                                                        style="width:50px;height:29.5px;position:absolute"></span></div>
                                            </a></li>
                                    </ul>
                                </div>
                            </div>
                            <div class="dm--col-lg-3 dm--col-md-8">
                                <div class="FooterTrustSection_wrapper__nhoMm">
                                    <p class="FooterTrustSection_title__YZJzq uppercase">Kunden über Docmorris</p>
                                    <ul class="FooterTrustSection_list__jPuhY">
                                        <li class="FooterTrustSection_listItem__3JSSp">
                                            <div class="relative overflow-hidden ImageSource_image__mca28"><span
                                                    style="box-sizing:border-box;display:inline-block;overflow:hidden;width:200px;height:73.5px;background:none;opacity:1;border:0;margin:0;padding:0;position:relative"><img
                                                        alt="Kunden über DocMorris bei Trusted Shops"
                                                        title="Kunden über DocMorris bei Trusted Shops"
                                                        aria-label="image"
                                                        src="data:image/gif;base64,R0lGODlhAQABAIAAAAAAAP///yH5BAEAAAAALAAAAAABAAEAAAIBRAA7"
                                                        decoding="async" data-nimg="fixed" class=" "
                                                        style="position:absolute;top:0;left:0;bottom:0;right:0;box-sizing:border-box;padding:0;border:none;margin:auto;display:block;width:0;height:0;min-width:100%;max-width:100%;min-height:100%;max-height:100%" /><noscript><img
                                                            alt="Kunden über DocMorris bei Trusted Shops"
                                                            title="Kunden über DocMorris bei Trusted Shops"
                                                            aria-label="image" loading="lazy" decoding="async"
                                                            data-nimg="fixed"
                                                            style="position:absolute;top:0;left:0;bottom:0;right:0;box-sizing:border-box;padding:0;border:none;margin:auto;display:block;width:0;height:0;min-width:100%;max-width:100%;min-height:100%;max-height:100%"
                                                            class=" "
                                                            src="https://statics.docmorris-plus.de/static/docmorris/cms/section_footer_trusted_shop_6dd6252e49.png" /></noscript></span><span
                                                    data-testid="skeleton"
                                                    class="Skeleton_skeletonbox__Ae1Fg Skeleton_skeletonAnimation__mxWPc"
                                                    style="width:200px;height:73.5px;position:absolute"></span></div>
                                        </li>
                                    </ul>
                                </div>
                            </div>
                        </div>
                    </div>
                </section>
                <section data-testid="footer-sitemap-section" class="FooterSitemapSection_footerSitemapSection__Lv2WJ">
                    <div data-testid=""
                        class="mx-auto px-3 my-0 py-0 max-w-[1280px] md:px-10 sm:pb-24 legacy:px-[10px] FooterSitemapSection_sections__WZbEm">
                        <div>
                            <p class="FooterSitemapSection_headline__E_5HM">INFOS</p>
                            <ul class="FooterSitemapSection_siteMapList___Jgws">
                                <li><a href="/hilfe-kontakt" target="_self">Pharmazeutische Beratung</a></li>
                                <li><a href="/online-arzt" target="_self">Online-Arzt</a></li>
                                <li><a href="/rezepte" target="_self">E-Rezept</a></li>
                                <li><a href="/hilfe-kontakt" target="_self">Service</a></li>
                                <li><a href="/infomaterial" target="_self">Freiumschläge</a></li>
                                <li><a href="/infomaterial" target="_self">Katalog &amp; Infomaterial</a></li>
                                <li><a href="https://support.docmorris.de/hc/de/articles/18982804006545-Wie-hoch-sind-die-Versandkosten-"
                                        target="_blank">Versandkosten</a></li>
                                <li><a href="https://support.docmorris.de/hc/de" target="_blank">Hilfe &amp; FAQ</a>
                                </li>
                                <li><a href="/ueber-uns/beschwerdestelle" target="_self">Beschwerdestelle</a></li>
                                <li><a href="/produktrueckrufe" target="_self">Produktrückrufe</a></li>
                                <li><a href="/hilfe-kontakt" target="_self">Kontakt</a></li>
                            </ul>
                        </div>
                        <div>
                            <p class="FooterSitemapSection_headline__E_5HM">TOP-KATEGORIEN</p>
                            <ul class="FooterSitemapSection_siteMapList___Jgws">
                                <li><a href="/arzneimittel-gesundheit/schmerzmittel/schmerzmittel-nach-wirkstoff/ibuprofen"
                                        target="_self">Ibuprofen</a></li>
                                <li><a href="/arzneimittel-gesundheit/schmerzmittel/schmerzmittel-nach-wirkstoff/paracetamol"
                                        target="_self">Paracetamol</a></li>
                                <li><a href="/arzneimittel-gesundheit/erkaeltung-grippe/fieberthermometer-mittel"
                                        target="_self">Fieberthermometer</a></li>
                                <li><a href="/arzneimittel-gesundheit/diabetes" target="_self">Diabetes</a></li>
                                <li><a href="/arzneimittel-gesundheit/allergie/antiallergikum-nach-wirkstoff/cetirizin"
                                        target="_self">Cetirizin</a></li>
                                <li><a href="/kinder-familie/schwangerschaft/schwangerschaftstests"
                                        target="_self">Schwangerschaftstests</a></li>
                                <li><a href="/arzneimittel-gesundheit/magen-darm-verdauung/sodbrennen-und-uebersaeuerung"
                                        target="_self">Sodbrennen</a></li>
                                <li><a href="/arzneimittel-gesundheit/magen-darm-verdauung/haemorrhoiden"
                                        target="_self">Hämorrhoiden</a></li>
                                <li><a href="/arzneimittel-gesundheit/schmerzmittel/schmerzmittel-nach-wirkstoff/diclofenac"
                                        target="_self">Diclofenac</a></li>
                                <li><a href="/arzneimittel-gesundheit/magen-darm-verdauung/durchfall"
                                        target="_self">Durchfall</a></li>
                            </ul>
                        </div>
                        <div>
                            <p class="FooterSitemapSection_headline__E_5HM">TOP-MARKEN</p>
                            <ul class="FooterSitemapSection_siteMapList___Jgws">
                                <li><a href="/marke/clinique" target="_self">Clinique</a></li>
                                <li><a href="/marke/origins" target="_self">Origins</a></li>
                                <li><a href="/marke/darphin" target="_self">Darphin</a></li>
                                <li><a href="/marke/dr-jart" target="_self">Dr. Jart</a></li>
                            </ul>
                        </div>
                    </div>
                </section>
                <section data-testid="static-footer-legal-section" class="FooterLegalSection_footerLegalSection__ul5an">
                    <div data-testid=""
                        class="mx-auto px-3 my-0 py-0 max-w-[1280px] md:px-10 sm:pb-24 legacy:px-[10px] sm:!pb-0">
                        <nav aria-label="Footer-Navigation" class="FooterLegalSection_nav__MJohn">
                            <ul>
                                <li><a target="_blank" href="https://zurrosegroup.com/en/">Corporate Website</a></li>
                                <li><a target="_blank" href="https://ir.zurrosegroup.com/en/news/newsroom">Presse</a>
                                </li>
                                <li><a href="/ueber-uns/agb">AGB</a></li>
                                <li><a href="/ueber-uns/agb#widerruf">Widerruf</a></li>
                                <li><a href="/ueber-uns/datenschutz">Datenschutz</a></li>
                                <li><a href="/hilfe-kontakt/elektroruecknahme">Elektro-Rücknahme</a></li>
                                <li><a href="/kontaktformular">Kontakt</a></li>
                                <li><a href="/ueber-uns/impressum">Impressum</a></li>
                                <li><span>© 2024 DocMorris</span></li>
                            </ul>
                        </nav>
                        <div class="FooterLegalSection_content__WnClB" data-testid="legal-text">
                            <p>Zu Risiken und Nebenwirkungen lesen Sie die Packungsbeilage und fragen Sie Ihren Arzt
                                oder Apotheker. Ihr Vertragspartner und verantwortlich: DocMorris N.V., Heerlen, KVK-Nr.
                                14066093</p>
                            <p>Manche individuell anzufertigende Arzneimittel (Rezepturen) sind bei DocMorris nicht
                                erhältlich bzw. ihre Anfertigung kann länger dauern. Bitte wenden Sie sich vor
                                Bestellung einer Rezeptur an unseren Kundenservice.</p>
                            <p>Alle Preise inkl.MwSt.Preisänderungen und Irrtum vorbehalten. Die Preise auf docmorris.de
                                können von den Preisen in gedruckten Werbemitteln (Kataloge, Anzeigen etc.) abweichen,
                                und gelten nur bei Online-Bestellung unter docmorris.de. Die Preise gelten nicht in den
                                stationären Partnerapotheken.</p>
                            <p>Wir liefern <b>versandkostenfrei</b>, wenn Sie rezeptfreie Produkte <b>ab 19 Euro
                                    Bestellwert</b> kaufen oder wenn Sie ein <b>Rezept einsenden</b>. Ansonsten
                                berechnen wir zusätzlich 3,50 Euro Versandkosten. Alle Preise Inkl. gesetzl. MwSt.</p>
                            <p>¹ Bei Bestellung verschreibungspflichtiger Medikamente erhalten Sie pro
                                Medikamentenpackung einen Vorteil von mindestens 2,50 € und bis zu 5 €. Bei einem Rezept
                                mit 6 Medikamentenpackungen mit Maximalbonus sind das bis zu 30 € Sparvorteil.</p>
                            <p>² Allgemeine Gutscheinbedingungen: Soweit sich aus besonderen Bedingungen der jeweiligen
                                Werbeaktion nichts Abweichendes ergibt, gilt für die Einlösung von Gutscheinen,
                                Preisvorteilscodes und anderen insoweit gewährten Vorteilen (zusammen „Gutscheine“)
                                Folgendes: Gutscheine sind ausschließlich im Rahmen von Bestellungen in unserem
                                Online-Shop docmorris.de und unserer DocMorris App, einmalig und nur im ausgelobten
                                Aktionszeitraum einlösbar. Pro Kundenkonto ist pro Werbeaktion nur ein Gutscheincode
                                einlösbar. Der Wert des im Bestellprozess eingegebenen Gutschein(code)s wird automatisch
                                vom Rechnungsbetrag abgezogen. Einlösbar für unser Gesamtsortiment rezeptfreier Produkte
                                inklusive reduzierter Ware. Nicht kombinierbar mit weiteren Aktionen oder
                                Preisvorteilen, z.B. Sonderpreisen, die exklusiv über Dritte ausgelobt werden. Bei
                                Eingabe eines Gutschein(code)s kann ein höherer Preis als der Sonderpreis zu Grunde
                                gelegt werden. Ein den Rechnungsbetrag übersteigender Gutscheinwert verfällt. Die
                                Auszahlung des Gutscheinwerts ist ausgeschlossen. Nicht einlösbar bei
                                Sammelbestellungen. Für die Prüfung der Gültigkeit des Gutscheins müssen Sie sich in Ihr
                                Kundenkonto einloggen.</p>
                            <p>³ Dieser Preis gilt für die Auswahl Kassenrezept inkl. Zuzahlung.</p>
                            <div>⁴ In der Zeit vom 05.10.2023 bis 26.10.2023 bei teilnehmenden rezeptfreien Produkten
                                auf<a class="text-grey-1 font-semibold" href="/angebote/promotion">
                                    docmorris.de/angebote/promotion</a></div>
                            <p>*UVP = Unverbindliche Preisempfehlung des Herstellers; * AVP = Der für den Fall der
                                Abgabe zu Lasten der gesetzlichen Krankenkasse (KK) vom pharmazeutischen Unternehmer zum
                                Zwecke der Abrechnung der Apotheken mit den Krankenkassen gegenüber der
                                Informationsstelle für Arzneispezialitäten GmbH (IFA) angegebene einheitliche
                                Produkt-Abgabepreis im Sinne des § 78 Abs. 3 S. 1, 2. HS AMG, der von der KK im
                                Ausnahmefall der Erstattung abzüglich 5 % an die Apotheke ausgezahlt wird.</p>
                            <p>**Gilt für alle gültigen E-Rezepte, die im Zeitraum von Montag bis Donnerstag bis 20 Uhr
                                und Freitag bis 13 Uhr digital bei uns eingehen. E-Rezepte die Freitag nach 13:00
                                eingehen, werden am Montag zugestellt. E-Rezepte die zwischen Samstag 00:00 Uhr und
                                Sonntag 24:00 Uhr eingehen, werden am Dienstag zugestellt. Von der Lieferung am nächsten
                                Tag ausgenommen sind spezielle Rezepturen, Medikamente oder von einem Rahmenvertrag der
                                Krankenkasse des Patienten vorgesehene Austausch-Medikamente, die aufgrund von
                                Lieferengpässen nicht verfügbar sind, zu kühlende Medikamente, sowie Rezepte, die eine
                                pharmazeutische Klärung mit Ihnen oder Ihrem Arzt erfordern oder die aus
                                pharmazeutischen Gründen nicht beliefert werden dürfen. Für die pharmazeutische Klärung
                                ist die Angabe Ihrer Telefonnummer notwendig. Um Ihnen die schnellstmögliche Lieferung
                                Ihrer rezeptpflichtigen Artikel anbieten zu können, kann es in Ausnahmefällen zu einem
                                nachträglichen Austausch des Versanddienstleisters kommen. Die Lieferung am nächsten Tag
                                gilt nicht für Bestellungen, bei denen eine Packstation als Lieferadresse angegeben
                                wurde. Sofern der Tag oder der nächste Tag nach Ihrer Bestellung ein Feiertag in NRW und
                                / oder ein Feiertag an Ihrem Wohnort ist, erfolgt die Lieferung am ersten Werktag, der
                                kein Feiertag mehr ist. In Fällen höherer Gewalt erfolgt die Lieferung ebenfalls erst an
                                dem Werktag, der keine Feiertag ist, der auf das Ende des Ereignisses höherer Gewalt
                                folgt.</p>
                            <p>***Zwischen der Versandapotheke DocMorris und den DocMorris Vor-Ort-Apotheken besteht
                                keine rechtliche oder wirtschaftliche Verbindung.</p>
                            <p>Ihr Vertragspartner und verantwortlich: DocMorris N.V., Heerlen, KVK-Nr.14066093</p>
                        </div>
                    </div>
                </section>
            </footer>
        </div>
    </div>
    <script id="__NEXT_DATA__" type="application/json">
        {"props":{"pageProps":{"product":{"code":"10832865","readableId":"FX5UP389","productId":"722c92b9-f4ba-4ffb-8bad-efdda3d39171","packagingSize":"150 g","quantity":150,"baseprice":"126,60 €/kg","slug":"kytta-schmerzsalbe/10832865","url":"/kytta-schmerzsalbe/10832865","available":true,"prices":{"salesPrice":{"value":18.99,"formattedValue":"18,99 €"},"recommendedRetailPrice":{"value":27.99,"formattedValue":"27,99 €"},"savings":{"value":9,"formattedValue":"9,00 €"},"bonus":{"value":0,"formattedValue":"0,00 €"},"maxRefundDifference":{"value":0,"formattedValue":"0,00 €"},"additionalPayment":{"value":0,"formattedValue":"0,00 €"},"savingsPercentageFormatted":"32%","metadata":{"displayUVP":true,"displaySaving":true,"displayBonus":false}},"trafficChannel":null,"images":[{"variants":{"90":{"formats":{"webp":{"resolutions":{"1x":{"url":"https://statics.docmorris.de/static/produkte/FX5UP389/docmorris/ps90/kytta-schmerzsalbe-150-g-10832865-0-1720620118087441.jpg"},"2x":{"url":"https://statics.docmorris.de/static/produkte/FX5UP389/docmorris/ps90r/kytta-schmerzsalbe-150-g-10832865-0-1720620118087441.jpg"}}}},"width":90,"height":90},"300":{"formats":{"webp":{"resolutions":{"1x":{"url":"https://statics.docmorris.de/static/produkte/FX5UP389/docmorris/ps300/kytta-schmerzsalbe-150-g-10832865-0-1720620118087441.jpg"},"2x":{"url":"https://statics.docmorris.de/static/produkte/FX5UP389/docmorris/ps300r/kytta-schmerzsalbe-150-g-10832865-0-1720620118087441.jpg"}}}},"width":300,"height":300},"420":{"formats":{"webp":{"resolutions":{"1x":{"url":"https://statics.docmorris.de/static/produkte/FX5UP389/docmorris/ps420/kytta-schmerzsalbe-150-g-10832865-0-1720620118087441.jpg"},"2x":{"url":"https://statics.docmorris.de/static/produkte/FX5UP389/docmorris/ps420r/kytta-schmerzsalbe-150-g-10832865-0-1720620118087441.jpg"}}}},"width":420,"height":420}}},{"variants":{"90":{"formats":{"webp":{"resolutions":{"1x":{"url":"https://statics.docmorris.de/static/produkte/FX5UP389/docmorris/ps90/kytta-schmerzsalbe-150-g-10832865-2-1720620118721051.jpeg"},"2x":{"url":"https://statics.docmorris.de/static/produkte/FX5UP389/docmorris/ps90r/kytta-schmerzsalbe-150-g-10832865-2-1720620118721051.jpeg"}}}},"width":90,"height":90},"300":{"formats":{"webp":{"resolutions":{"1x":{"url":"https://statics.docmorris.de/static/produkte/FX5UP389/docmorris/ps300/kytta-schmerzsalbe-150-g-10832865-2-1720620118721051.jpeg"},"2x":{"url":"https://statics.docmorris.de/static/produkte/FX5UP389/docmorris/ps300r/kytta-schmerzsalbe-150-g-10832865-2-1720620118721051.jpeg"}}}},"width":300,"height":300},"420":{"formats":{"webp":{"resolutions":{"1x":{"url":"https://statics.docmorris.de/static/produkte/FX5UP389/docmorris/ps420/kytta-schmerzsalbe-150-g-10832865-2-1720620118721051.jpeg"},"2x":{"url":"https://statics.docmorris.de/static/produkte/FX5UP389/docmorris/ps420r/kytta-schmerzsalbe-150-g-10832865-2-1720620118721051.jpeg"}}}},"width":420,"height":420}}},{"variants":{"90":{"formats":{"webp":{"resolutions":{"1x":{"url":"https://statics.docmorris.de/static/produkte/FX5UP389/docmorris/ps90/kytta-schmerzsalbe-150-g-10832865-3-1720620118989838.jpeg"},"2x":{"url":"https://statics.docmorris.de/static/produkte/FX5UP389/docmorris/ps90r/kytta-schmerzsalbe-150-g-10832865-3-1720620118989838.jpeg"}}}},"width":90,"height":90},"300":{"formats":{"webp":{"resolutions":{"1x":{"url":"https://statics.docmorris.de/static/produkte/FX5UP389/docmorris/ps300/kytta-schmerzsalbe-150-g-10832865-3-1720620118989838.jpeg"},"2x":{"url":"https://statics.docmorris.de/static/produkte/FX5UP389/docmorris/ps300r/kytta-schmerzsalbe-150-g-10832865-3-1720620118989838.jpeg"}}}},"width":300,"height":300},"420":{"formats":{"webp":{"resolutions":{"1x":{"url":"https://statics.docmorris.de/static/produkte/FX5UP389/docmorris/ps420/kytta-schmerzsalbe-150-g-10832865-3-1720620118989838.jpeg"},"2x":{"url":"https://statics.docmorris.de/static/produkte/FX5UP389/docmorris/ps420r/kytta-schmerzsalbe-150-g-10832865-3-1720620118989838.jpeg"}}}},"width":420,"height":420}}},{"variants":{"90":{"formats":{"webp":{"resolutions":{"1x":{"url":"https://statics.docmorris.de/static/produkte/FX5UP389/docmorris/ps90/kytta-schmerzsalbe-150-g-10832865-4-1720620119264784.jpeg"},"2x":{"url":"https://statics.docmorris.de/static/produkte/FX5UP389/docmorris/ps90r/kytta-schmerzsalbe-150-g-10832865-4-1720620119264784.jpeg"}}}},"width":90,"height":90},"300":{"formats":{"webp":{"resolutions":{"1x":{"url":"https://statics.docmorris.de/static/produkte/FX5UP389/docmorris/ps300/kytta-schmerzsalbe-150-g-10832865-4-1720620119264784.jpeg"},"2x":{"url":"https://statics.docmorris.de/static/produkte/FX5UP389/docmorris/ps300r/kytta-schmerzsalbe-150-g-10832865-4-1720620119264784.jpeg"}}}},"width":300,"height":300},"420":{"formats":{"webp":{"resolutions":{"1x":{"url":"https://statics.docmorris.de/static/produkte/FX5UP389/docmorris/ps420/kytta-schmerzsalbe-150-g-10832865-4-1720620119264784.jpeg"},"2x":{"url":"https://statics.docmorris.de/static/produkte/FX5UP389/docmorris/ps420r/kytta-schmerzsalbe-150-g-10832865-4-1720620119264784.jpeg"}}}},"width":420,"height":420}}},{"variants":{"90":{"formats":{"webp":{"resolutions":{"1x":{"url":"https://statics.docmorris.de/static/produkte/FX5UP389/docmorris/ps90/kytta-schmerzsalbe-150-g-10832865-5-1720620119632811.jpeg"},"2x":{"url":"https://statics.docmorris.de/static/produkte/FX5UP389/docmorris/ps90r/kytta-schmerzsalbe-150-g-10832865-5-1720620119632811.jpeg"}}}},"width":90,"height":90},"300":{"formats":{"webp":{"resolutions":{"1x":{"url":"https://statics.docmorris.de/static/produkte/FX5UP389/docmorris/ps300/kytta-schmerzsalbe-150-g-10832865-5-1720620119632811.jpeg"},"2x":{"url":"https://statics.docmorris.de/static/produkte/FX5UP389/docmorris/ps300r/kytta-schmerzsalbe-150-g-10832865-5-1720620119632811.jpeg"}}}},"width":300,"height":300},"420":{"formats":{"webp":{"resolutions":{"1x":{"url":"https://statics.docmorris.de/static/produkte/FX5UP389/docmorris/ps420/kytta-schmerzsalbe-150-g-10832865-5-1720620119632811.jpeg"},"2x":{"url":"https://statics.docmorris.de/static/produkte/FX5UP389/docmorris/ps420r/kytta-schmerzsalbe-150-g-10832865-5-1720620119632811.jpeg"}}}},"width":420,"height":420}}},{"variants":{"90":{"formats":{"webp":{"resolutions":{"1x":{"url":"https://statics.docmorris.de/static/produkte/FX5UP389/docmorris/ps90/kytta-schmerzsalbe-150-g-10832865-6-1720620119915471.jpeg"},"2x":{"url":"https://statics.docmorris.de/static/produkte/FX5UP389/docmorris/ps90r/kytta-schmerzsalbe-150-g-10832865-6-1720620119915471.jpeg"}}}},"width":90,"height":90},"300":{"formats":{"webp":{"resolutions":{"1x":{"url":"https://statics.docmorris.de/static/produkte/FX5UP389/docmorris/ps300/kytta-schmerzsalbe-150-g-10832865-6-1720620119915471.jpeg"},"2x":{"url":"https://statics.docmorris.de/static/produkte/FX5UP389/docmorris/ps300r/kytta-schmerzsalbe-150-g-10832865-6-1720620119915471.jpeg"}}}},"width":300,"height":300},"420":{"formats":{"webp":{"resolutions":{"1x":{"url":"https://statics.docmorris.de/static/produkte/FX5UP389/docmorris/ps420/kytta-schmerzsalbe-150-g-10832865-6-1720620119915471.jpeg"},"2x":{"url":"https://statics.docmorris.de/static/produkte/FX5UP389/docmorris/ps420r/kytta-schmerzsalbe-150-g-10832865-6-1720620119915471.jpeg"}}}},"width":420,"height":420}}},{"variants":{"90":{"formats":{"webp":{"resolutions":{"1x":{"url":"https://statics.docmorris.de/static/produkte/FX5UP389/docmorris/ps90/kytta-schmerzsalbe-150-g-10832865-7-1720620120183847.jpeg"},"2x":{"url":"https://statics.docmorris.de/static/produkte/FX5UP389/docmorris/ps90r/kytta-schmerzsalbe-150-g-10832865-7-1720620120183847.jpeg"}}}},"width":90,"height":90},"300":{"formats":{"webp":{"resolutions":{"1x":{"url":"https://statics.docmorris.de/static/produkte/FX5UP389/docmorris/ps300/kytta-schmerzsalbe-150-g-10832865-7-1720620120183847.jpeg"},"2x":{"url":"https://statics.docmorris.de/static/produkte/FX5UP389/docmorris/ps300r/kytta-schmerzsalbe-150-g-10832865-7-1720620120183847.jpeg"}}}},"width":300,"height":300},"420":{"formats":{"webp":{"resolutions":{"1x":{"url":"https://statics.docmorris.de/static/produkte/FX5UP389/docmorris/ps420/kytta-schmerzsalbe-150-g-10832865-7-1720620120183847.jpeg"},"2x":{"url":"https://statics.docmorris.de/static/produkte/FX5UP389/docmorris/ps420r/kytta-schmerzsalbe-150-g-10832865-7-1720620120183847.jpeg"}}}},"width":420,"height":420}}}],"bestSeller":{"id":"6fee4fe5-caf4-485d-9e1a-a3a5808ec912","name":"DocMorris Apotheke","baseprice":"126,60 €/kg","hasStock":true,"savingsPercentageFormatted":"32%","prices":{"salesPrice":{"value":18.99,"formattedValue":"18,99 €"}}},"sellers":[],"badges":[],"eans":[],"name":"Kytta Schmerzsalbe 150 g","brand":"Kytta","supplier":"WICK Pharma - Zweigniederlassung der Procter \u0026 Gamble GmbH","supplierId":"20d0262c-3ed7-4b61-8361-ae372bd01cb2","dosageForm":"Creme","defaultSaleCondition":"OR","salesType":"otx","mainCategory":{"id":"XVH4PLGY","categoryId":"06c70087-a302-4663-91a0-c081ffa5325b","name":"Arzneimittel \u0026 Gesundheit","url":"/arzneimittel-gesundheit","child":{"id":"JZXT93TZ","categoryId":"72904b78-86bb-47d3-932a-4599bd43dc7b","name":"Muskeln, Knochen, Gelenke","url":"/arzneimittel-gesundheit/muskeln-knochen-gelenke","child":{"id":"PNC4LW00","categoryId":"c6a7616a-e48b-41e6-9e2b-238fea9913c9","name":"Stauchung, Prellung \u0026 Zerrung","url":"/arzneimittel-gesundheit/muskeln-knochen-gelenke/stauchung-prellung-zerrung","child":{"id":"LNVK6T6Z","categoryId":"4c17497d-6081-4408-ac90-5791d6619333","name":"Cremes \u0026 Gele","url":"/arzneimittel-gesundheit/muskeln-knochen-gelenke/stauchung-prellung-zerrung/cremes-gele","child":null}}}},"breadcrumbs":[{"id":"XVH4PLGY","categoryId":"06c70087-a302-4663-91a0-c081ffa5325b","name":"Arzneimittel \u0026 Gesundheit","url":"arzneimittel-gesundheit","child":null},{"id":"JZXT93TZ","categoryId":"72904b78-86bb-47d3-932a-4599bd43dc7b","name":"Muskeln, Knochen, Gelenke","url":"muskeln-knochen-gelenke","child":null},{"id":"PNC4LW00","categoryId":"c6a7616a-e48b-41e6-9e2b-238fea9913c9","name":"Stauchung, Prellung \u0026 Zerrung","url":"stauchung-prellung-zerrung","child":null},{"id":"LNVK6T6Z","categoryId":"4c17497d-6081-4408-ac90-5791d6619333","name":"Cremes \u0026 Gele","url":"cremes-gele","child":null}],"categories":[{"id":"L1WPMT3G","categoryId":"1fba9f7a-8652-48df-88c4-36a98e24fd3c","name":"Schmerzmittel","url":null,"child":null},{"id":"XVH4PLGY","categoryId":"06c70087-a302-4663-91a0-c081ffa5325b","name":"Arzneimittel \u0026 Gesundheit","url":null,"child":null},{"id":"LNVK6T6Z","categoryId":"4c17497d-6081-4408-ac90-5791d6619333","name":"Cremes \u0026 Gele","url":null,"child":null},{"id":"PNC4LW00","categoryId":"c6a7616a-e48b-41e6-9e2b-238fea9913c9","name":"Stauchung, Prellung \u0026 Zerrung","url":null,"child":null},{"id":"JZXT93TZ","categoryId":"72904b78-86bb-47d3-932a-4599bd43dc7b","name":"Muskeln, Knochen, Gelenke","url":null,"child":null},{"id":"6WCJ6V2X","categoryId":"75b79c3d-a4c5-45ae-91e6-598559ebd92e","name":"Rückenschmerzen","url":null,"child":null}],"productGroup":"10832865","rating":4.6404,"reviewCount":495,"marketingText":"\u003ch2\u003eDie Kraft der Natur* gegen Schmerzen\u003c/h2\u003e\u003cp\u003e\u003c/p\u003e\u003cp\u003eBei Kytta Schmerzsalbe handelt es sich um eine Salbe von P\u0026G Health Germany GmbH. \u003cbr\u003e\u003c/p\u003e\u003cp\u003eDie Kraft der Natur* gegen Schmerzen – Kytta bekämpft Schmerzen, schnell und stark*.\u003c/p\u003e\u003cp\u003eKytta ist die Schmerzsalbe mit einzigartigem Beinwellwurzelextrakt, deren Wirkung in klinischen Studien1-4 erwiesen ist. Die Salbe wirkt abschwellend sowie entzündungshemmend, ist gut verträglich** und hat keine bekannten Wechselwirkungen. Und das bei:\u003c/p\u003e\u003col\u003e\u003cli\u003e\u003cp\u003eAkuten Muskelschmerzen im Bereich des Rückens,\u003c/p\u003e\u003c/li\u003e\u003cli\u003e\u003cp\u003eSchmerzen und Schwellungen bei Kniegelenksarthrose,\u003c/p\u003e\u003c/li\u003e\u003cli\u003e\u003cp\u003eZerrungen, Verstauchungen, Prellungen nach Sport- und Unfallverletzungen\u003c/p\u003e\u003cp\u003eTraditionelle Arzneipflanzen wie der Beinwell haben seit Jahrhunderten einen hohen Stellenwert in der Behandlung von Schmerzen. Der Extrakt wird in der modernen Medizin zur Behandlung von Muskel-, Kniegelenk- und Rückenschmerzen eingesetzt. Kytta Schmerzsalbe lässt sich mühelos und präzise auf die Stellen des Körpers auftragen, die Ihnen Schmerzen bereiten. Genießen Sie es, aktiv zu sein.\u003c/p\u003e\u003cp\u003e\u003cbr\u003e\u003cbr\u003e\u003cstrong\u003eKytta – Die Kraft der Natur* gegen Schmerzen.\u003c/strong\u003e \u003cbr\u003e\u003cbr\u003e* Wirkstoffe pflanzlichen Ursprungs **gilt für Erwachsene * Giannetti BM., et al. Br J Sports Med. 2010; 44:637-41. Studie an Patienten mit akutem Rückenschmerz; ** Grube B., et al. Phytomedicine. 2007; 14:2-10; *** Predel H-G., et al. Phytomedicine 2005;12:707-14; **** Koll R., et al. Phytomedicine 2004;11:470-7\u003c/p\u003e\u003cp\u003e\u003c/p\u003e\u003cp\u003e\u003cbr\u003e\u003cbr\u003e\u003c/p\u003e\u003cp\u003e\u003c/p\u003e\u003cp\u003e\u003c/p\u003e\u003ch3\u003ePflichttext:\u003c/h3\u003e\u003cp\u003e\u003c/p\u003e\u003cp\u003e\u003c/p\u003e\u003cp\u003eKytta® Schmerzsalbe. \u003cstrong\u003eWirkstoff:\u003c/strong\u003e Beinwellwurzel-Fluidextrakt. \u003cstrong\u003eAnwendungsgebiete:\u003c/strong\u003e Erwachsene: Zur äußerlichen Behandlung von Schmerzen und Schwellungen bei Kniegelenksarthrose degenerativen Ursprungs; akuten Muskelschmerzen (Myalgien) im Bereich des Rückens; Verstauchungen, Prellungen und Zerrungen nach Sport- und Unfallverletzungen. Kinder ab 8 Jahren und Jugendliche: Zur äußerlichen Behandlung von Verstauchungen, Prellungen und Zerrungen nach Sport- und Unfallverletzungen. \u003cstrong\u003eWarnhinweise:\u003c/strong\u003e Enthält Erdnussöl, Butyl-, Ethyl-, Methyl-, 2-Methylpropyl- und Propyl- 4-hydroxybenzoat (Parabene), Cetylstearylalkohol, Natriumdodecylsulfat, Duftstoff (Parfümöl) mit Benzylalkohol, Benzylbenzoat, Citral, Cumarin, Eugenol, Geraniol, Hydroxycitronellal, Limonen, Linalool, und Rosmarinöl. Stand: Oktober 2020\u003c/p\u003e\u003cp\u003e\u003c/p\u003e\u003cp\u003e\u003c/p\u003e\u003cp\u003eZu Risiken und Nebenwirkungen lesen Sie die Packungsbeilage und fragen Sie Ihre Ärztin, Ihren Arzt oder in Ihrer Apotheke.\u003c/p\u003e\u003cp\u003e\u003c/p\u003e\u003c/li\u003e\u003c/ol\u003e","valuePropositions":["Akute Muskelschmerzen im Bereich des Rückens","Schmerzen und Schwellungen bei Kniegelenksarthrose","Zerrungen, Verstauchungen, Prellungen nach Sport und Unfallverletzungen"],"manualUrl":null,"packageInsertUrls":["https://graphql.docmorris.de/catalog/leaflets/10832865-beipackzettel.pdf"],"pharmaceuticalInformation":[{"type":"DOSAGE","content":"\u003cul\u003e\u003cli\u003eWenden Sie dieses Arzneimittel immer genau wie beschrieben bzw. genau nach Anweisung Ihres Arztes oder Apothekers an. Fragen Sie bei Ihrem Arzt oder Apotheker nach, wenn Sie nicht sicher sind.\u003c/li\u003e\u003cli\u003eDie angegebene Dosierung sollte nur nach Rücksprache mit Ihrem Arzt überschritten werden.\u003c/li\u003e\u003cli\u003eDie empfohlene Dosis beträgt:\u003cul\u003e\u003cli\u003eErwachsene\u003cul\u003e\u003cli\u003eJe nach Größe der zu behandelnden Körperstelle und nach Stärke der Beschwerden, drei- bis viermal täglich einen 6 cm langen Salbenstrang (entsprechend jeweils ca. 2 g Schmerzsalbe) auftragen. Bei akuten Rückenschmerzen kann dreimal täglich ein 12 cm langer Salbenstrang (entsprechend jeweils ca. 4 g Schmerzsalbe) aufgetragen werden.\u003c/li\u003e\u003c/ul\u003e\u003c/li\u003e\u003cli\u003eKinder ab 8 Jahren und Jugendliche\u003cul\u003e\u003cli\u003eJe nach Größe der zu behandelnden Körperstelle, zwei- bis dreimal täglich einen 4 - 6 cm langen Salbenstrang (entsprechend jeweils ca. 1,2 g bis 2 g Schmerzsalbe) auftragen.\u003c/li\u003e\u003c/ul\u003e\u003c/li\u003e\u003c/ul\u003e\u003c/li\u003e\u003cli\u003eDauer der Anwendung\u003cul\u003e\u003cli\u003eErwachsene \u003cul\u003e\u003cli\u003eDie Anwendungsdauer richtet sich nach den Symptomen und der zugrundeliegenden Erkrankung. Bei akuten Muskelschmerzen im Bereich des Rückens, Verstauchungen, Prellungen und Zerrungen ist gewöhnlich eine Anwendung über 10 Tage ausreichend; bei Kniegelenksarthrose kann eine Anwendung bis zu 3 Wochen erforderlich sein.\u003c/li\u003e\u003c/ul\u003e\u003c/li\u003e\u003cli\u003eKinder und Jugendliche\u003cul\u003e\u003cli\u003eBei Kindern ab 8 Jahren und Jugendlichen nicht länger als 1 Woche anwenden.\u003c/li\u003e\u003c/ul\u003e\u003c/li\u003e\u003cli\u003eSollten sich die Beschwerden bei Selbstbehandlung mit dem Arzneimittel nicht innerhalb von 3 - 4 Tagen bessern oder sogar verschlimmern, wenden Sie sich bitte an Ihren Arzt.\u003c/li\u003e\u003c/ul\u003e\u003c/li\u003e\u003c/ul\u003e\u003cp\u003e \u003c/p\u003e\u003cul\u003e\u003cli\u003eWenn Sie eine größere Menge angewendet haben, als Sie sollten\u003cul\u003e\u003cli\u003eFahren Sie mit der Anwendung fort, so wie es in der Dosierungsanleitung beschrieben ist.\u003c/li\u003e\u003cli\u003eWenn Sie versehentlich größere Mengen verschluckt haben, entfernen Sie die Reste aus Mund und Nase und wenden sich an einen Arzt.\u003c/li\u003e\u003c/ul\u003e\u003c/li\u003e\u003c/ul\u003e\u003cp\u003e \u003c/p\u003e\u003cul\u003e\u003cli\u003eWenn Sie die Anwendung vergessen haben\u003cul\u003e\u003cli\u003eWenden Sie nicht die doppelte Dosis an, wenn Sie die vorherige Anwendung vergessen haben. Fahren Sie mit der Anwendung fort, so wie es in der Dosierungsanleitung beschrieben ist.\u003c/li\u003e\u003c/ul\u003e\u003c/li\u003e\u003c/ul\u003e\u003cp\u003e \u003c/p\u003e\u003cul\u003e\u003cli\u003eWenn Sie die Anwendung abbrechen\u003cul\u003e\u003cli\u003eEine Unterbrechung oder vorzeitige Beendigung der Behandlung ist unbedenklich.\u003c/li\u003e\u003c/ul\u003e\u003c/li\u003e\u003c/ul\u003e\u003cp\u003e \u003c/p\u003e\u003cul\u003e\u003cli\u003eWenn Sie weitere Fragen zur Anwendung dieses Arzneimittels haben, wenden Sie sich an Ihren Arzt oder Apotheker.\u003c/li\u003e\u003c/ul\u003e"},{"type":"WARNINGS","content":"Enthält Parabene als Konservierungsmittel. Das Arzneimittel kann Überempfindlichkeitsreaktionen hervorrufen. "},{"type":"INTERACTIONS","content":"\u003cul\u003e\u003cli\u003eAnwendung zusammen mit anderen Arzneimitteln\u003cul\u003e\u003cli\u003eInformieren Sie Ihren Arzt oder Apotheker, wenn Sie andere Arzneimittel einnehmen/anwenden bzw. vor kurzem eingenommen/angewendet haben oder beabsichtigen andere Arzneimittel einzunehmen/anzuwenden.\u003c/li\u003e\u003c/ul\u003e\u003c/li\u003e\u003c/ul\u003e"},{"type":"PATIENT_INFORMATION","content":"\u003cul\u003e\u003cli\u003eWarnhinweise und Vorsichtsmaßnahmen\u003cul\u003e\u003cli\u003eBitte sprechen Sie mit Ihrem Arzt oder Apotheker, bevor Sie das Präparat anwenden, wenn Sie bereits an Allergien leiden oder gelitten haben, da Sie dann häufiger zu Überempfindlichkeitsreaktionen neigen.\u003c/li\u003e\u003cli\u003eWenn Sie die Schmerzsalbe zum ersten Mal anwenden, sollten Sie das Arzneimittel durch kleinflächiges Auftragen, z. B. am Handgelenk, auf Verträglichkeit testen.\u003c/li\u003e\u003cli\u003eDie Anwendung der Schmerzsalbe ist nur zur äußerlichen Anwendung bestimmt und darf nur auf intakter Haut erfolgen.\u003c/li\u003e\u003cli\u003eDas Arzneimittel darf nicht auf offene Wunden, in die Augen oder auf Schleimhäute aufgetragen werden.\u003c/li\u003e\u003cli\u003eKinder und Jugendliche\u003cul\u003e\u003cli\u003eAngaben siehe in Kategorie „Kontraindikation,\" sowie in Kategorie \"Dosierung\"\u003c/li\u003e\u003c/ul\u003e\u003c/li\u003e\u003c/ul\u003e\u003c/li\u003e\u003c/ul\u003e\u003cp\u003e \u003c/p\u003e\u003cul\u003e\u003cli\u003eVerkehrstüchtigkeit und das Bedienen von Maschinen\u003cul\u003e\u003cli\u003eEs sind keine besonderen Vorsichtsmaßnahmen erforderlich.\u003c/li\u003e\u003c/ul\u003e\u003c/li\u003e\u003c/ul\u003e"},{"type":"SIDE_EFFECTS","content":"\u003cul\u003e\u003cli\u003eWie alle Arzneimittel kann auch dieses Arzneimittel Nebenwirkungen haben, die aber nicht bei jedem auftreten müssen.\u003c/li\u003e\u003cli\u003eDie Häufigkeit der folgenden Nebenwirkungen ist auf Grundlage der verfügbaren Daten nicht abschätzbar.\u003c/li\u003e\u003cli\u003eBedingt durch individuelle Reaktionen auf die Inhaltstoffe können lokale Hautreaktionen auftreten. Wie bei allen Arzneimitteln zur äußerlichen Anwendung können nach der Anwendung Überempfindlichkeitsreaktionen auftreten. Diese können entweder an der Hautstelle, wo das Arzneimittel aufgetragen wurde, oder auch an anderen Körperstellen auftreten.\u003c/li\u003e\u003cli\u003eFolgende Nebenwirkungen sind möglich:\u003cul\u003e\u003cli\u003eörtlich begrenzte Überempfindlichkeitsreaktionen an der Auftragungsstelle\u003c/li\u003e\u003cli\u003eallgemeine Überempfindlichkeitsreaktionen in Form von Nesselsucht, sowie Angioödemen (plötzliche Schwellungen im Gesicht, der Augenlider oder im Mundbereich). Zudem kann es zu Überempfindlichkeitsreaktionen z. B. des Magen-Darm-Traktes (z. B. Übelkeit, Bauchschmerzen), der Augen (z. B. allergische Bindehautentzündung), der Atemwege (z. B. allergischer Schnupfen, erschwerte Atmung und Spasmen) oder des Herz-Kreislaufsystems (z. B. Blutdruckabfall, Herzrasen) kommen\u003c/li\u003e\u003cli\u003eKontaktdermatitis, Ekzeme, Schmerzempfindungen und Brennen auf der Haut, Juckreiz, Rötungen sowie Hautausschläge (z. B. in Form von Bläschen), die nicht auf die Auftragungsstelle begrenzt sind\u003c/li\u003e\u003c/ul\u003e\u003c/li\u003e\u003cli\u003eBei Auftreten schwerer Überempfindlichkeitsreaktionen, wenden Sie sich bitte an einen Arzt.\u003c/li\u003e\u003cli\u003eFür mehr Infromationen, s. Gebrauchsinformation.\u003c/li\u003e\u003cli\u003eWenn Sie Nebenwirkungen bemerken, wenden Sie sich an Ihren Arzt oder Apotheker. Dies gilt auch für Nebenwirkungen, die nicht angegeben sind.\u003c/li\u003e\u003c/ul\u003e"},{"type":"APPLICATION_AREAS","content":"\u003cul\u003e\u003cli\u003eErwachsene\u003cul\u003e\u003cli\u003eDas Präparat ist ein Arzneimittel zur äußerlichen Behandlung von Schmerzen und Schwellungen bei Kniegelenksarthrose degenerativen Ursprungs; akuten Muskelschmerzen (Myalgien) im Bereich des Rückens; Verstauchungen, Prellungen und Zerrungen nach Sport- und Unfallverletzungen.\u003c/li\u003e\u003c/ul\u003e\u003c/li\u003e\u003cli\u003eKinder ab 8 Jahren und Jugendliche\u003cul\u003e\u003cli\u003eZur äußerlichen Behandlung von Verstauchungen, Prellungen und Zerrungen nach Sport- und Unfallverletzungen.\u003c/li\u003e\u003c/ul\u003e\u003c/li\u003e\u003cli\u003eDer in dem Arzneimittel enthaltene Wirkstoff Beinwellwurzel-Fluidextrakt dient zur äußerlichen Anwendung bei Schmerzen und Schwellungen.\u003c/li\u003e\u003c/ul\u003e"},{"type":"LACTATION","content":"\u003cul\u003e\u003cli\u003eWenn Sie schwanger sind oder stillen, oder wenn Sie vermuten, schwanger zu sein oder beabsichtigen, schwanger zu werden, fragen Sie vor der Anwendung dieses Arzneimittels Ihren Arzt oder Apotheker um Rat.\u003c/li\u003e\u003cli\u003eSchwangerschaft und Stillzeit\u003cul\u003e\u003cli\u003eEs liegen keine ausreichenden Daten zur Anwendung von der Schmerzsalbe während der Schwangerschaft und Stillzeit vor. Die Anwendung während der Schwangerschaft und Stillzeit wird daher nicht empfohlen.\u003c/li\u003e\u003c/ul\u003e\u003c/li\u003e\u003cli\u003eFortpflanzungsfähigkeit\u003cul\u003e\u003cli\u003eEs liegen keine Untersuchungen zur Beeinflussung der Fruchtbarkeit vor.\u003c/li\u003e\u003c/ul\u003e\u003c/li\u003e\u003c/ul\u003e"},{"type":"MODE_OF_USE","content":"\u003cul\u003e\u003cli\u003eZur Anwendung auf der Haut.\u003c/li\u003e\u003cli\u003eTragen Sie die Schmerzsalbe auf die zu behandelnden Körperstellen auf und massieren Sie diese dann sorgfältig ein.\u003c/li\u003e\u003cli\u003eVor Anlegen eines Verbandes sollte einige Minuten gewartet werden, bis die Schmerzsalbe in die Haut eingezogen ist. Die Anwendung eines luftdichten Verbandes (Okklusivverband) wird nicht empfohlen.\u003c/li\u003e\u003c/ul\u003e"},{"type":"CONTRAINDICATIONS","content":"\u003cul\u003e\u003cli\u003eDas Arzneimittel darf nicht angewendet werden,\u003cul\u003e\u003cli\u003ewenn Sie allergisch gegen Beinwell oder einem der sonstigen Bestandteile dieses Arzneimittels sind.\u003c/li\u003e\u003cli\u003ebei Kindern unter 8 Jahren.\u003c/li\u003e\u003c/ul\u003e\u003c/li\u003e\u003c/ul\u003e"}],"saleConditions":{"OR":[{"code":"08019654","readableId":"3M0Y0Y3N","productId":"0f4a061c-f598-42d8-a4a5-a1e856eef3b1","packagingSize":"2 St","quantity":2,"baseprice":"17,10 €/St","slug":"kytta-schmerzsalbe-sparset-2-x-150g/08019654","url":"/kytta-schmerzsalbe-sparset-2-x-150g/08019654","available":true,"prices":{"salesPrice":{"value":34.19,"formattedValue":"34,19 €"},"recommendedRetailPrice":{"value":55.98,"formattedValue":"55,98 €"},"savings":{"value":21.79,"formattedValue":"21,79 €"},"bonus":{"value":0,"formattedValue":"0,00 €"},"maxRefundDifference":{"value":0,"formattedValue":"0,00 €"},"additionalPayment":{"value":0,"formattedValue":"0,00 €"},"savingsPercentageFormatted":"38%","metadata":{"displayUVP":true,"displaySaving":true,"displayBonus":false}},"trafficChannel":null,"images":[{"variants":{"90":{"formats":{"webp":{"resolutions":{"1x":{"url":"https://statics.docmorris.de/static/produkte/3M0Y0Y3N/docmorris/ps90/kytta-schmerzsalbe-sparset-2-x-150g-2-st-08019654-0-1714032047950752.jpeg"},"2x":{"url":"https://statics.docmorris.de/static/produkte/3M0Y0Y3N/docmorris/ps90r/kytta-schmerzsalbe-sparset-2-x-150g-2-st-08019654-0-1714032047950752.jpeg"}}}},"width":90,"height":90},"300":{"formats":{"webp":{"resolutions":{"1x":{"url":"https://statics.docmorris.de/static/produkte/3M0Y0Y3N/docmorris/ps300/kytta-schmerzsalbe-sparset-2-x-150g-2-st-08019654-0-1714032047950752.jpeg"},"2x":{"url":"https://statics.docmorris.de/static/produkte/3M0Y0Y3N/docmorris/ps300r/kytta-schmerzsalbe-sparset-2-x-150g-2-st-08019654-0-1714032047950752.jpeg"}}}},"width":300,"height":300},"420":{"formats":{"webp":{"resolutions":{"1x":{"url":"https://statics.docmorris.de/static/produkte/3M0Y0Y3N/docmorris/ps420/kytta-schmerzsalbe-sparset-2-x-150g-2-st-08019654-0-1714032047950752.jpeg"},"2x":{"url":"https://statics.docmorris.de/static/produkte/3M0Y0Y3N/docmorris/ps420r/kytta-schmerzsalbe-sparset-2-x-150g-2-st-08019654-0-1714032047950752.jpeg"}}}},"width":420,"height":420}}}],"bestSeller":{"id":"6fee4fe5-caf4-485d-9e1a-a3a5808ec912","name":"DocMorris Apotheke","baseprice":"17,10 €/St","hasStock":true,"savingsPercentageFormatted":"38%","prices":{"salesPrice":{"value":34.19,"formattedValue":"34,19 €"}}},"sellers":[],"badges":[]},{"code":"10832842","readableId":"FX5KVV70","productId":"95861f01-e53a-46ca-b031-7902588c0b1e","packagingSize":"50 g","quantity":50,"baseprice":"175,80 €/kg","slug":"kytta-schmerzsalbe/10832842","url":"/kytta-schmerzsalbe/10832842","available":true,"prices":{"salesPrice":{"value":8.79,"formattedValue":"8,79 €"},"recommendedRetailPrice":{"value":11.28,"formattedValue":"11,28 €"},"savings":{"value":2.49,"formattedValue":"2,49 €"},"bonus":{"value":0,"formattedValue":"0,00 €"},"maxRefundDifference":{"value":0,"formattedValue":"0,00 €"},"additionalPayment":{"value":0,"formattedValue":"0,00 €"},"savingsPercentageFormatted":"22%","metadata":{"displayUVP":true,"displaySaving":true,"displayBonus":false}},"trafficChannel":null,"images":[{"variants":{"90":{"formats":{"webp":{"resolutions":{"1x":{"url":"https://statics.docmorris.de/static/produkte/FX5KVV70/docmorris/ps90/kytta-schmerzsalbe-50-g-10832842-0-1720620174873199.jpg"},"2x":{"url":"https://statics.docmorris.de/static/produkte/FX5KVV70/docmorris/ps90r/kytta-schmerzsalbe-50-g-10832842-0-1720620174873199.jpg"}}}},"width":90,"height":90},"300":{"formats":{"webp":{"resolutions":{"1x":{"url":"https://statics.docmorris.de/static/produkte/FX5KVV70/docmorris/ps300/kytta-schmerzsalbe-50-g-10832842-0-1720620174873199.jpg"},"2x":{"url":"https://statics.docmorris.de/static/produkte/FX5KVV70/docmorris/ps300r/kytta-schmerzsalbe-50-g-10832842-0-1720620174873199.jpg"}}}},"width":300,"height":300},"420":{"formats":{"webp":{"resolutions":{"1x":{"url":"https://statics.docmorris.de/static/produkte/FX5KVV70/docmorris/ps420/kytta-schmerzsalbe-50-g-10832842-0-1720620174873199.jpg"},"2x":{"url":"https://statics.docmorris.de/static/produkte/FX5KVV70/docmorris/ps420r/kytta-schmerzsalbe-50-g-10832842-0-1720620174873199.jpg"}}}},"width":420,"height":420}}},{"variants":{"90":{"formats":{"webp":{"resolutions":{"1x":{"url":"https://statics.docmorris.de/static/produkte/FX5KVV70/docmorris/ps90/kytta-schmerzsalbe-50-g-10832842-2-1720620175462903.jpeg"},"2x":{"url":"https://statics.docmorris.de/static/produkte/FX5KVV70/docmorris/ps90r/kytta-schmerzsalbe-50-g-10832842-2-1720620175462903.jpeg"}}}},"width":90,"height":90},"300":{"formats":{"webp":{"resolutions":{"1x":{"url":"https://statics.docmorris.de/static/produkte/FX5KVV70/docmorris/ps300/kytta-schmerzsalbe-50-g-10832842-2-1720620175462903.jpeg"},"2x":{"url":"https://statics.docmorris.de/static/produkte/FX5KVV70/docmorris/ps300r/kytta-schmerzsalbe-50-g-10832842-2-1720620175462903.jpeg"}}}},"width":300,"height":300},"420":{"formats":{"webp":{"resolutions":{"1x":{"url":"https://statics.docmorris.de/static/produkte/FX5KVV70/docmorris/ps420/kytta-schmerzsalbe-50-g-10832842-2-1720620175462903.jpeg"},"2x":{"url":"https://statics.docmorris.de/static/produkte/FX5KVV70/docmorris/ps420r/kytta-schmerzsalbe-50-g-10832842-2-1720620175462903.jpeg"}}}},"width":420,"height":420}}},{"variants":{"90":{"formats":{"webp":{"resolutions":{"1x":{"url":"https://statics.docmorris.de/static/produkte/FX5KVV70/docmorris/ps90/kytta-schmerzsalbe-50-g-10832842-3-1720620175722729.jpeg"},"2x":{"url":"https://statics.docmorris.de/static/produkte/FX5KVV70/docmorris/ps90r/kytta-schmerzsalbe-50-g-10832842-3-1720620175722729.jpeg"}}}},"width":90,"height":90},"300":{"formats":{"webp":{"resolutions":{"1x":{"url":"https://statics.docmorris.de/static/produkte/FX5KVV70/docmorris/ps300/kytta-schmerzsalbe-50-g-10832842-3-1720620175722729.jpeg"},"2x":{"url":"https://statics.docmorris.de/static/produkte/FX5KVV70/docmorris/ps300r/kytta-schmerzsalbe-50-g-10832842-3-1720620175722729.jpeg"}}}},"width":300,"height":300},"420":{"formats":{"webp":{"resolutions":{"1x":{"url":"https://statics.docmorris.de/static/produkte/FX5KVV70/docmorris/ps420/kytta-schmerzsalbe-50-g-10832842-3-1720620175722729.jpeg"},"2x":{"url":"https://statics.docmorris.de/static/produkte/FX5KVV70/docmorris/ps420r/kytta-schmerzsalbe-50-g-10832842-3-1720620175722729.jpeg"}}}},"width":420,"height":420}}},{"variants":{"90":{"formats":{"webp":{"resolutions":{"1x":{"url":"https://statics.docmorris.de/static/produkte/FX5KVV70/docmorris/ps90/kytta-schmerzsalbe-50-g-10832842-4-1720620176043270.jpeg"},"2x":{"url":"https://statics.docmorris.de/static/produkte/FX5KVV70/docmorris/ps90r/kytta-schmerzsalbe-50-g-10832842-4-1720620176043270.jpeg"}}}},"width":90,"height":90},"300":{"formats":{"webp":{"resolutions":{"1x":{"url":"https://statics.docmorris.de/static/produkte/FX5KVV70/docmorris/ps300/kytta-schmerzsalbe-50-g-10832842-4-1720620176043270.jpeg"},"2x":{"url":"https://statics.docmorris.de/static/produkte/FX5KVV70/docmorris/ps300r/kytta-schmerzsalbe-50-g-10832842-4-1720620176043270.jpeg"}}}},"width":300,"height":300},"420":{"formats":{"webp":{"resolutions":{"1x":{"url":"https://statics.docmorris.de/static/produkte/FX5KVV70/docmorris/ps420/kytta-schmerzsalbe-50-g-10832842-4-1720620176043270.jpeg"},"2x":{"url":"https://statics.docmorris.de/static/produkte/FX5KVV70/docmorris/ps420r/kytta-schmerzsalbe-50-g-10832842-4-1720620176043270.jpeg"}}}},"width":420,"height":420}}},{"variants":{"90":{"formats":{"webp":{"resolutions":{"1x":{"url":"https://statics.docmorris.de/static/produkte/FX5KVV70/docmorris/ps90/kytta-schmerzsalbe-50-g-10832842-5-1720620176324580.jpeg"},"2x":{"url":"https://statics.docmorris.de/static/produkte/FX5KVV70/docmorris/ps90r/kytta-schmerzsalbe-50-g-10832842-5-1720620176324580.jpeg"}}}},"width":90,"height":90},"300":{"formats":{"webp":{"resolutions":{"1x":{"url":"https://statics.docmorris.de/static/produkte/FX5KVV70/docmorris/ps300/kytta-schmerzsalbe-50-g-10832842-5-1720620176324580.jpeg"},"2x":{"url":"https://statics.docmorris.de/static/produkte/FX5KVV70/docmorris/ps300r/kytta-schmerzsalbe-50-g-10832842-5-1720620176324580.jpeg"}}}},"width":300,"height":300},"420":{"formats":{"webp":{"resolutions":{"1x":{"url":"https://statics.docmorris.de/static/produkte/FX5KVV70/docmorris/ps420/kytta-schmerzsalbe-50-g-10832842-5-1720620176324580.jpeg"},"2x":{"url":"https://statics.docmorris.de/static/produkte/FX5KVV70/docmorris/ps420r/kytta-schmerzsalbe-50-g-10832842-5-1720620176324580.jpeg"}}}},"width":420,"height":420}}},{"variants":{"90":{"formats":{"webp":{"resolutions":{"1x":{"url":"https://statics.docmorris.de/static/produkte/FX5KVV70/docmorris/ps90/kytta-schmerzsalbe-50-g-10832842-6-1720620176576025.jpeg"},"2x":{"url":"https://statics.docmorris.de/static/produkte/FX5KVV70/docmorris/ps90r/kytta-schmerzsalbe-50-g-10832842-6-1720620176576025.jpeg"}}}},"width":90,"height":90},"300":{"formats":{"webp":{"resolutions":{"1x":{"url":"https://statics.docmorris.de/static/produkte/FX5KVV70/docmorris/ps300/kytta-schmerzsalbe-50-g-10832842-6-1720620176576025.jpeg"},"2x":{"url":"https://statics.docmorris.de/static/produkte/FX5KVV70/docmorris/ps300r/kytta-schmerzsalbe-50-g-10832842-6-1720620176576025.jpeg"}}}},"width":300,"height":300},"420":{"formats":{"webp":{"resolutions":{"1x":{"url":"https://statics.docmorris.de/static/produkte/FX5KVV70/docmorris/ps420/kytta-schmerzsalbe-50-g-10832842-6-1720620176576025.jpeg"},"2x":{"url":"https://statics.docmorris.de/static/produkte/FX5KVV70/docmorris/ps420r/kytta-schmerzsalbe-50-g-10832842-6-1720620176576025.jpeg"}}}},"width":420,"height":420}}},{"variants":{"90":{"formats":{"webp":{"resolutions":{"1x":{"url":"https://statics.docmorris.de/static/produkte/FX5KVV70/docmorris/ps90/kytta-schmerzsalbe-50-g-10832842-7-1720620176788053.jpeg"},"2x":{"url":"https://statics.docmorris.de/static/produkte/FX5KVV70/docmorris/ps90r/kytta-schmerzsalbe-50-g-10832842-7-1720620176788053.jpeg"}}}},"width":90,"height":90},"300":{"formats":{"webp":{"resolutions":{"1x":{"url":"https://statics.docmorris.de/static/produkte/FX5KVV70/docmorris/ps300/kytta-schmerzsalbe-50-g-10832842-7-1720620176788053.jpeg"},"2x":{"url":"https://statics.docmorris.de/static/produkte/FX5KVV70/docmorris/ps300r/kytta-schmerzsalbe-50-g-10832842-7-1720620176788053.jpeg"}}}},"width":300,"height":300},"420":{"formats":{"webp":{"resolutions":{"1x":{"url":"https://statics.docmorris.de/static/produkte/FX5KVV70/docmorris/ps420/kytta-schmerzsalbe-50-g-10832842-7-1720620176788053.jpeg"},"2x":{"url":"https://statics.docmorris.de/static/produkte/FX5KVV70/docmorris/ps420r/kytta-schmerzsalbe-50-g-10832842-7-1720620176788053.jpeg"}}}},"width":420,"height":420}}}],"bestSeller":{"id":"6fee4fe5-caf4-485d-9e1a-a3a5808ec912","name":"DocMorris Apotheke","baseprice":"175,80 €/kg","hasStock":true,"savingsPercentageFormatted":"22%","prices":{"salesPrice":{"value":8.79,"formattedValue":"8,79 €"}}},"sellers":[],"badges":[]},{"code":"10832859","readableId":"FX54PC5Z","productId":"ba286045-366c-4ee3-8d3d-8d5d0375dfbd","packagingSize":"100 g","quantity":100,"baseprice":"169,90 €/kg","slug":"kytta-schmerzsalbe/10832859","url":"/kytta-schmerzsalbe/10832859","available":true,"prices":{"salesPrice":{"value":16.99,"formattedValue":"16,99 €"},"recommendedRetailPrice":{"value":20.88,"formattedValue":"20,88 €"},"savings":{"value":3.89,"formattedValue":"3,89 €"},"bonus":{"value":0,"formattedValue":"0,00 €"},"maxRefundDifference":{"value":0,"formattedValue":"0,00 €"},"additionalPayment":{"value":0,"formattedValue":"0,00 €"},"savingsPercentageFormatted":"18%","metadata":{"displayUVP":true,"displaySaving":true,"displayBonus":false}},"trafficChannel":null,"images":[{"variants":{"90":{"formats":{"webp":{"resolutions":{"1x":{"url":"https://statics.docmorris.de/static/produkte/FX54PC5Z/docmorris/ps90/kytta-schmerzsalbe-100-g-10832859-0-1720620146618572.jpg"},"2x":{"url":"https://statics.docmorris.de/static/produkte/FX54PC5Z/docmorris/ps90r/kytta-schmerzsalbe-100-g-10832859-0-1720620146618572.jpg"}}}},"width":90,"height":90},"300":{"formats":{"webp":{"resolutions":{"1x":{"url":"https://statics.docmorris.de/static/produkte/FX54PC5Z/docmorris/ps300/kytta-schmerzsalbe-100-g-10832859-0-1720620146618572.jpg"},"2x":{"url":"https://statics.docmorris.de/static/produkte/FX54PC5Z/docmorris/ps300r/kytta-schmerzsalbe-100-g-10832859-0-1720620146618572.jpg"}}}},"width":300,"height":300},"420":{"formats":{"webp":{"resolutions":{"1x":{"url":"https://statics.docmorris.de/static/produkte/FX54PC5Z/docmorris/ps420/kytta-schmerzsalbe-100-g-10832859-0-1720620146618572.jpg"},"2x":{"url":"https://statics.docmorris.de/static/produkte/FX54PC5Z/docmorris/ps420r/kytta-schmerzsalbe-100-g-10832859-0-1720620146618572.jpg"}}}},"width":420,"height":420}}},{"variants":{"90":{"formats":{"webp":{"resolutions":{"1x":{"url":"https://statics.docmorris.de/static/produkte/FX54PC5Z/docmorris/ps90/kytta-schmerzsalbe-100-g-10832859-2-1720620147260480.jpeg"},"2x":{"url":"https://statics.docmorris.de/static/produkte/FX54PC5Z/docmorris/ps90r/kytta-schmerzsalbe-100-g-10832859-2-1720620147260480.jpeg"}}}},"width":90,"height":90},"300":{"formats":{"webp":{"resolutions":{"1x":{"url":"https://statics.docmorris.de/static/produkte/FX54PC5Z/docmorris/ps300/kytta-schmerzsalbe-100-g-10832859-2-1720620147260480.jpeg"},"2x":{"url":"https://statics.docmorris.de/static/produkte/FX54PC5Z/docmorris/ps300r/kytta-schmerzsalbe-100-g-10832859-2-1720620147260480.jpeg"}}}},"width":300,"height":300},"420":{"formats":{"webp":{"resolutions":{"1x":{"url":"https://statics.docmorris.de/static/produkte/FX54PC5Z/docmorris/ps420/kytta-schmerzsalbe-100-g-10832859-2-1720620147260480.jpeg"},"2x":{"url":"https://statics.docmorris.de/static/produkte/FX54PC5Z/docmorris/ps420r/kytta-schmerzsalbe-100-g-10832859-2-1720620147260480.jpeg"}}}},"width":420,"height":420}}},{"variants":{"90":{"formats":{"webp":{"resolutions":{"1x":{"url":"https://statics.docmorris.de/static/produkte/FX54PC5Z/docmorris/ps90/kytta-schmerzsalbe-100-g-10832859-3-1720620147563169.jpeg"},"2x":{"url":"https://statics.docmorris.de/static/produkte/FX54PC5Z/docmorris/ps90r/kytta-schmerzsalbe-100-g-10832859-3-1720620147563169.jpeg"}}}},"width":90,"height":90},"300":{"formats":{"webp":{"resolutions":{"1x":{"url":"https://statics.docmorris.de/static/produkte/FX54PC5Z/docmorris/ps300/kytta-schmerzsalbe-100-g-10832859-3-1720620147563169.jpeg"},"2x":{"url":"https://statics.docmorris.de/static/produkte/FX54PC5Z/docmorris/ps300r/kytta-schmerzsalbe-100-g-10832859-3-1720620147563169.jpeg"}}}},"width":300,"height":300},"420":{"formats":{"webp":{"resolutions":{"1x":{"url":"https://statics.docmorris.de/static/produkte/FX54PC5Z/docmorris/ps420/kytta-schmerzsalbe-100-g-10832859-3-1720620147563169.jpeg"},"2x":{"url":"https://statics.docmorris.de/static/produkte/FX54PC5Z/docmorris/ps420r/kytta-schmerzsalbe-100-g-10832859-3-1720620147563169.jpeg"}}}},"width":420,"height":420}}},{"variants":{"90":{"formats":{"webp":{"resolutions":{"1x":{"url":"https://statics.docmorris.de/static/produkte/FX54PC5Z/docmorris/ps90/kytta-schmerzsalbe-100-g-10832859-4-1720620147859757.jpeg"},"2x":{"url":"https://statics.docmorris.de/static/produkte/FX54PC5Z/docmorris/ps90r/kytta-schmerzsalbe-100-g-10832859-4-1720620147859757.jpeg"}}}},"width":90,"height":90},"300":{"formats":{"webp":{"resolutions":{"1x":{"url":"https://statics.docmorris.de/static/produkte/FX54PC5Z/docmorris/ps300/kytta-schmerzsalbe-100-g-10832859-4-1720620147859757.jpeg"},"2x":{"url":"https://statics.docmorris.de/static/produkte/FX54PC5Z/docmorris/ps300r/kytta-schmerzsalbe-100-g-10832859-4-1720620147859757.jpeg"}}}},"width":300,"height":300},"420":{"formats":{"webp":{"resolutions":{"1x":{"url":"https://statics.docmorris.de/static/produkte/FX54PC5Z/docmorris/ps420/kytta-schmerzsalbe-100-g-10832859-4-1720620147859757.jpeg"},"2x":{"url":"https://statics.docmorris.de/static/produkte/FX54PC5Z/docmorris/ps420r/kytta-schmerzsalbe-100-g-10832859-4-1720620147859757.jpeg"}}}},"width":420,"height":420}}},{"variants":{"90":{"formats":{"webp":{"resolutions":{"1x":{"url":"https://statics.docmorris.de/static/produkte/FX54PC5Z/docmorris/ps90/kytta-schmerzsalbe-100-g-10832859-5-1720620148152830.jpeg"},"2x":{"url":"https://statics.docmorris.de/static/produkte/FX54PC5Z/docmorris/ps90r/kytta-schmerzsalbe-100-g-10832859-5-1720620148152830.jpeg"}}}},"width":90,"height":90},"300":{"formats":{"webp":{"resolutions":{"1x":{"url":"https://statics.docmorris.de/static/produkte/FX54PC5Z/docmorris/ps300/kytta-schmerzsalbe-100-g-10832859-5-1720620148152830.jpeg"},"2x":{"url":"https://statics.docmorris.de/static/produkte/FX54PC5Z/docmorris/ps300r/kytta-schmerzsalbe-100-g-10832859-5-1720620148152830.jpeg"}}}},"width":300,"height":300},"420":{"formats":{"webp":{"resolutions":{"1x":{"url":"https://statics.docmorris.de/static/produkte/FX54PC5Z/docmorris/ps420/kytta-schmerzsalbe-100-g-10832859-5-1720620148152830.jpeg"},"2x":{"url":"https://statics.docmorris.de/static/produkte/FX54PC5Z/docmorris/ps420r/kytta-schmerzsalbe-100-g-10832859-5-1720620148152830.jpeg"}}}},"width":420,"height":420}}},{"variants":{"90":{"formats":{"webp":{"resolutions":{"1x":{"url":"https://statics.docmorris.de/static/produkte/FX54PC5Z/docmorris/ps90/kytta-schmerzsalbe-100-g-10832859-6-1720620148424728.jpeg"},"2x":{"url":"https://statics.docmorris.de/static/produkte/FX54PC5Z/docmorris/ps90r/kytta-schmerzsalbe-100-g-10832859-6-1720620148424728.jpeg"}}}},"width":90,"height":90},"300":{"formats":{"webp":{"resolutions":{"1x":{"url":"https://statics.docmorris.de/static/produkte/FX54PC5Z/docmorris/ps300/kytta-schmerzsalbe-100-g-10832859-6-1720620148424728.jpeg"},"2x":{"url":"https://statics.docmorris.de/static/produkte/FX54PC5Z/docmorris/ps300r/kytta-schmerzsalbe-100-g-10832859-6-1720620148424728.jpeg"}}}},"width":300,"height":300},"420":{"formats":{"webp":{"resolutions":{"1x":{"url":"https://statics.docmorris.de/static/produkte/FX54PC5Z/docmorris/ps420/kytta-schmerzsalbe-100-g-10832859-6-1720620148424728.jpeg"},"2x":{"url":"https://statics.docmorris.de/static/produkte/FX54PC5Z/docmorris/ps420r/kytta-schmerzsalbe-100-g-10832859-6-1720620148424728.jpeg"}}}},"width":420,"height":420}}},{"variants":{"90":{"formats":{"webp":{"resolutions":{"1x":{"url":"https://statics.docmorris.de/static/produkte/FX54PC5Z/docmorris/ps90/kytta-schmerzsalbe-100-g-10832859-7-1720620148686239.jpeg"},"2x":{"url":"https://statics.docmorris.de/static/produkte/FX54PC5Z/docmorris/ps90r/kytta-schmerzsalbe-100-g-10832859-7-1720620148686239.jpeg"}}}},"width":90,"height":90},"300":{"formats":{"webp":{"resolutions":{"1x":{"url":"https://statics.docmorris.de/static/produkte/FX54PC5Z/docmorris/ps300/kytta-schmerzsalbe-100-g-10832859-7-1720620148686239.jpeg"},"2x":{"url":"https://statics.docmorris.de/static/produkte/FX54PC5Z/docmorris/ps300r/kytta-schmerzsalbe-100-g-10832859-7-1720620148686239.jpeg"}}}},"width":300,"height":300},"420":{"formats":{"webp":{"resolutions":{"1x":{"url":"https://statics.docmorris.de/static/produkte/FX54PC5Z/docmorris/ps420/kytta-schmerzsalbe-100-g-10832859-7-1720620148686239.jpeg"},"2x":{"url":"https://statics.docmorris.de/static/produkte/FX54PC5Z/docmorris/ps420r/kytta-schmerzsalbe-100-g-10832859-7-1720620148686239.jpeg"}}}},"width":420,"height":420}}}],"bestSeller":{"id":"6fee4fe5-caf4-485d-9e1a-a3a5808ec912","name":"DocMorris Apotheke","baseprice":"169,90 €/kg","hasStock":true,"savingsPercentageFormatted":"18%","prices":{"salesPrice":{"value":16.99,"formattedValue":"16,99 €"}}},"sellers":[],"badges":[]},{"code":"10832865","readableId":"FX5UP389","productId":"722c92b9-f4ba-4ffb-8bad-efdda3d39171","packagingSize":"150 g","quantity":150,"baseprice":"126,60 €/kg","slug":"kytta-schmerzsalbe/10832865","url":"/kytta-schmerzsalbe/10832865","available":true,"prices":{"salesPrice":{"value":18.99,"formattedValue":"18,99 €"},"recommendedRetailPrice":{"value":27.99,"formattedValue":"27,99 €"},"savings":{"value":9,"formattedValue":"9,00 €"},"bonus":{"value":0,"formattedValue":"0,00 €"},"maxRefundDifference":{"value":0,"formattedValue":"0,00 €"},"additionalPayment":{"value":0,"formattedValue":"0,00 €"},"savingsPercentageFormatted":"32%","metadata":{"displayUVP":true,"displaySaving":true,"displayBonus":false}},"trafficChannel":null,"images":[{"variants":{"90":{"formats":{"webp":{"resolutions":{"1x":{"url":"https://statics.docmorris.de/static/produkte/FX5UP389/docmorris/ps90/kytta-schmerzsalbe-150-g-10832865-0-1720620118087441.jpg"},"2x":{"url":"https://statics.docmorris.de/static/produkte/FX5UP389/docmorris/ps90r/kytta-schmerzsalbe-150-g-10832865-0-1720620118087441.jpg"}}}},"width":90,"height":90},"300":{"formats":{"webp":{"resolutions":{"1x":{"url":"https://statics.docmorris.de/static/produkte/FX5UP389/docmorris/ps300/kytta-schmerzsalbe-150-g-10832865-0-1720620118087441.jpg"},"2x":{"url":"https://statics.docmorris.de/static/produkte/FX5UP389/docmorris/ps300r/kytta-schmerzsalbe-150-g-10832865-0-1720620118087441.jpg"}}}},"width":300,"height":300},"420":{"formats":{"webp":{"resolutions":{"1x":{"url":"https://statics.docmorris.de/static/produkte/FX5UP389/docmorris/ps420/kytta-schmerzsalbe-150-g-10832865-0-1720620118087441.jpg"},"2x":{"url":"https://statics.docmorris.de/static/produkte/FX5UP389/docmorris/ps420r/kytta-schmerzsalbe-150-g-10832865-0-1720620118087441.jpg"}}}},"width":420,"height":420}}},{"variants":{"90":{"formats":{"webp":{"resolutions":{"1x":{"url":"https://statics.docmorris.de/static/produkte/FX5UP389/docmorris/ps90/kytta-schmerzsalbe-150-g-10832865-2-1720620118721051.jpeg"},"2x":{"url":"https://statics.docmorris.de/static/produkte/FX5UP389/docmorris/ps90r/kytta-schmerzsalbe-150-g-10832865-2-1720620118721051.jpeg"}}}},"width":90,"height":90},"300":{"formats":{"webp":{"resolutions":{"1x":{"url":"https://statics.docmorris.de/static/produkte/FX5UP389/docmorris/ps300/kytta-schmerzsalbe-150-g-10832865-2-1720620118721051.jpeg"},"2x":{"url":"https://statics.docmorris.de/static/produkte/FX5UP389/docmorris/ps300r/kytta-schmerzsalbe-150-g-10832865-2-1720620118721051.jpeg"}}}},"width":300,"height":300},"420":{"formats":{"webp":{"resolutions":{"1x":{"url":"https://statics.docmorris.de/static/produkte/FX5UP389/docmorris/ps420/kytta-schmerzsalbe-150-g-10832865-2-1720620118721051.jpeg"},"2x":{"url":"https://statics.docmorris.de/static/produkte/FX5UP389/docmorris/ps420r/kytta-schmerzsalbe-150-g-10832865-2-1720620118721051.jpeg"}}}},"width":420,"height":420}}},{"variants":{"90":{"formats":{"webp":{"resolutions":{"1x":{"url":"https://statics.docmorris.de/static/produkte/FX5UP389/docmorris/ps90/kytta-schmerzsalbe-150-g-10832865-3-1720620118989838.jpeg"},"2x":{"url":"https://statics.docmorris.de/static/produkte/FX5UP389/docmorris/ps90r/kytta-schmerzsalbe-150-g-10832865-3-1720620118989838.jpeg"}}}},"width":90,"height":90},"300":{"formats":{"webp":{"resolutions":{"1x":{"url":"https://statics.docmorris.de/static/produkte/FX5UP389/docmorris/ps300/kytta-schmerzsalbe-150-g-10832865-3-1720620118989838.jpeg"},"2x":{"url":"https://statics.docmorris.de/static/produkte/FX5UP389/docmorris/ps300r/kytta-schmerzsalbe-150-g-10832865-3-1720620118989838.jpeg"}}}},"width":300,"height":300},"420":{"formats":{"webp":{"resolutions":{"1x":{"url":"https://statics.docmorris.de/static/produkte/FX5UP389/docmorris/ps420/kytta-schmerzsalbe-150-g-10832865-3-1720620118989838.jpeg"},"2x":{"url":"https://statics.docmorris.de/static/produkte/FX5UP389/docmorris/ps420r/kytta-schmerzsalbe-150-g-10832865-3-1720620118989838.jpeg"}}}},"width":420,"height":420}}},{"variants":{"90":{"formats":{"webp":{"resolutions":{"1x":{"url":"https://statics.docmorris.de/static/produkte/FX5UP389/docmorris/ps90/kytta-schmerzsalbe-150-g-10832865-4-1720620119264784.jpeg"},"2x":{"url":"https://statics.docmorris.de/static/produkte/FX5UP389/docmorris/ps90r/kytta-schmerzsalbe-150-g-10832865-4-1720620119264784.jpeg"}}}},"width":90,"height":90},"300":{"formats":{"webp":{"resolutions":{"1x":{"url":"https://statics.docmorris.de/static/produkte/FX5UP389/docmorris/ps300/kytta-schmerzsalbe-150-g-10832865-4-1720620119264784.jpeg"},"2x":{"url":"https://statics.docmorris.de/static/produkte/FX5UP389/docmorris/ps300r/kytta-schmerzsalbe-150-g-10832865-4-1720620119264784.jpeg"}}}},"width":300,"height":300},"420":{"formats":{"webp":{"resolutions":{"1x":{"url":"https://statics.docmorris.de/static/produkte/FX5UP389/docmorris/ps420/kytta-schmerzsalbe-150-g-10832865-4-1720620119264784.jpeg"},"2x":{"url":"https://statics.docmorris.de/static/produkte/FX5UP389/docmorris/ps420r/kytta-schmerzsalbe-150-g-10832865-4-1720620119264784.jpeg"}}}},"width":420,"height":420}}},{"variants":{"90":{"formats":{"webp":{"resolutions":{"1x":{"url":"https://statics.docmorris.de/static/produkte/FX5UP389/docmorris/ps90/kytta-schmerzsalbe-150-g-10832865-5-1720620119632811.jpeg"},"2x":{"url":"https://statics.docmorris.de/static/produkte/FX5UP389/docmorris/ps90r/kytta-schmerzsalbe-150-g-10832865-5-1720620119632811.jpeg"}}}},"width":90,"height":90},"300":{"formats":{"webp":{"resolutions":{"1x":{"url":"https://statics.docmorris.de/static/produkte/FX5UP389/docmorris/ps300/kytta-schmerzsalbe-150-g-10832865-5-1720620119632811.jpeg"},"2x":{"url":"https://statics.docmorris.de/static/produkte/FX5UP389/docmorris/ps300r/kytta-schmerzsalbe-150-g-10832865-5-1720620119632811.jpeg"}}}},"width":300,"height":300},"420":{"formats":{"webp":{"resolutions":{"1x":{"url":"https://statics.docmorris.de/static/produkte/FX5UP389/docmorris/ps420/kytta-schmerzsalbe-150-g-10832865-5-1720620119632811.jpeg"},"2x":{"url":"https://statics.docmorris.de/static/produkte/FX5UP389/docmorris/ps420r/kytta-schmerzsalbe-150-g-10832865-5-1720620119632811.jpeg"}}}},"width":420,"height":420}}},{"variants":{"90":{"formats":{"webp":{"resolutions":{"1x":{"url":"https://statics.docmorris.de/static/produkte/FX5UP389/docmorris/ps90/kytta-schmerzsalbe-150-g-10832865-6-1720620119915471.jpeg"},"2x":{"url":"https://statics.docmorris.de/static/produkte/FX5UP389/docmorris/ps90r/kytta-schmerzsalbe-150-g-10832865-6-1720620119915471.jpeg"}}}},"width":90,"height":90},"300":{"formats":{"webp":{"resolutions":{"1x":{"url":"https://statics.docmorris.de/static/produkte/FX5UP389/docmorris/ps300/kytta-schmerzsalbe-150-g-10832865-6-1720620119915471.jpeg"},"2x":{"url":"https://statics.docmorris.de/static/produkte/FX5UP389/docmorris/ps300r/kytta-schmerzsalbe-150-g-10832865-6-1720620119915471.jpeg"}}}},"width":300,"height":300},"420":{"formats":{"webp":{"resolutions":{"1x":{"url":"https://statics.docmorris.de/static/produkte/FX5UP389/docmorris/ps420/kytta-schmerzsalbe-150-g-10832865-6-1720620119915471.jpeg"},"2x":{"url":"https://statics.docmorris.de/static/produkte/FX5UP389/docmorris/ps420r/kytta-schmerzsalbe-150-g-10832865-6-1720620119915471.jpeg"}}}},"width":420,"height":420}}},{"variants":{"90":{"formats":{"webp":{"resolutions":{"1x":{"url":"https://statics.docmorris.de/static/produkte/FX5UP389/docmorris/ps90/kytta-schmerzsalbe-150-g-10832865-7-1720620120183847.jpeg"},"2x":{"url":"https://statics.docmorris.de/static/produkte/FX5UP389/docmorris/ps90r/kytta-schmerzsalbe-150-g-10832865-7-1720620120183847.jpeg"}}}},"width":90,"height":90},"300":{"formats":{"webp":{"resolutions":{"1x":{"url":"https://statics.docmorris.de/static/produkte/FX5UP389/docmorris/ps300/kytta-schmerzsalbe-150-g-10832865-7-1720620120183847.jpeg"},"2x":{"url":"https://statics.docmorris.de/static/produkte/FX5UP389/docmorris/ps300r/kytta-schmerzsalbe-150-g-10832865-7-1720620120183847.jpeg"}}}},"width":300,"height":300},"420":{"formats":{"webp":{"resolutions":{"1x":{"url":"https://statics.docmorris.de/static/produkte/FX5UP389/docmorris/ps420/kytta-schmerzsalbe-150-g-10832865-7-1720620120183847.jpeg"},"2x":{"url":"https://statics.docmorris.de/static/produkte/FX5UP389/docmorris/ps420r/kytta-schmerzsalbe-150-g-10832865-7-1720620120183847.jpeg"}}}},"width":420,"height":420}}}],"bestSeller":{"id":"6fee4fe5-caf4-485d-9e1a-a3a5808ec912","name":"DocMorris Apotheke","baseprice":"126,60 €/kg","hasStock":true,"savingsPercentageFormatted":"32%","prices":{"salesPrice":{"value":18.99,"formattedValue":"18,99 €"}}},"sellers":[],"badges":[]},{"code":"80024983","readableId":"XLN97N6H","productId":"6506d79b-c602-4cb4-901b-ffb50434c62d","packagingSize":"2X100 g","quantity":null,"baseprice":"152,95 €/kg","slug":"kytta-2-x-100-g-doppelpack/80024983","url":"/kytta-2-x-100-g-doppelpack/80024983","available":true,"prices":{"salesPrice":{"value":30.59,"formattedValue":"30,59 €"},"recommendedRetailPrice":{"value":41.76,"formattedValue":"41,76 €"},"savings":{"value":11.17,"formattedValue":"11,17 €"},"bonus":{"value":0,"formattedValue":"0,00 €"},"maxRefundDifference":{"value":0,"formattedValue":"0,00 €"},"additionalPayment":{"value":0,"formattedValue":"0,00 €"},"savingsPercentageFormatted":"26%","metadata":{"displayUVP":true,"displaySaving":true,"displayBonus":false}},"trafficChannel":null,"images":[{"variants":{"90":{"formats":{"webp":{"resolutions":{"1x":{"url":"https://statics.docmorris.de/static/produkte/XLN97N6H/docmorris/ps90/kytta-2-x-100-g-doppelpack-2x100-g-80024983-0-1714112432313800.jpeg"},"2x":{"url":"https://statics.docmorris.de/static/produkte/XLN97N6H/docmorris/ps90r/kytta-2-x-100-g-doppelpack-2x100-g-80024983-0-1714112432313800.jpeg"}}}},"width":90,"height":90},"300":{"formats":{"webp":{"resolutions":{"1x":{"url":"https://statics.docmorris.de/static/produkte/XLN97N6H/docmorris/ps300/kytta-2-x-100-g-doppelpack-2x100-g-80024983-0-1714112432313800.jpeg"},"2x":{"url":"https://statics.docmorris.de/static/produkte/XLN97N6H/docmorris/ps300r/kytta-2-x-100-g-doppelpack-2x100-g-80024983-0-1714112432313800.jpeg"}}}},"width":300,"height":300},"420":{"formats":{"webp":{"resolutions":{"1x":{"url":"https://statics.docmorris.de/static/produkte/XLN97N6H/docmorris/ps420/kytta-2-x-100-g-doppelpack-2x100-g-80024983-0-1714112432313800.jpeg"},"2x":{"url":"https://statics.docmorris.de/static/produkte/XLN97N6H/docmorris/ps420r/kytta-2-x-100-g-doppelpack-2x100-g-80024983-0-1714112432313800.jpeg"}}}},"width":420,"height":420}}}],"bestSeller":{"id":"6fee4fe5-caf4-485d-9e1a-a3a5808ec912","name":"DocMorris Apotheke","baseprice":"152,95 €/kg","hasStock":true,"savingsPercentageFormatted":"26%","prices":{"salesPrice":{"value":30.59,"formattedValue":"30,59 €"}}},"sellers":[],"badges":[]},{"code":"80025008","readableId":"G3VF5G4X","productId":"1b21135d-23a3-406c-a25d-840019c98b21","packagingSize":"3X100 g","quantity":null,"baseprice":"152,97 €/kg","slug":"kytta-3-x-100-g-dreierpack/80025008","url":"/kytta-3-x-100-g-dreierpack/80025008","available":true,"prices":{"salesPrice":{"value":45.89,"formattedValue":"45,89 €"},"recommendedRetailPrice":{"value":62.64,"formattedValue":"62,64 €"},"savings":{"value":16.75,"formattedValue":"16,75 €"},"bonus":{"value":0,"formattedValue":"0,00 €"},"maxRefundDifference":{"value":0,"formattedValue":"0,00 €"},"additionalPayment":{"value":0,"formattedValue":"0,00 €"},"savingsPercentageFormatted":"26%","metadata":{"displayUVP":true,"displaySaving":true,"displayBonus":false}},"trafficChannel":null,"images":[{"variants":{"90":{"formats":{"webp":{"resolutions":{"1x":{"url":"https://statics.docmorris.de/static/produkte/G3VF5G4X/docmorris/ps90/kytta-3-x-100-g-dreierpack-3x100-g-80025008-0-1714112432467942.jpeg"},"2x":{"url":"https://statics.docmorris.de/static/produkte/G3VF5G4X/docmorris/ps90r/kytta-3-x-100-g-dreierpack-3x100-g-80025008-0-1714112432467942.jpeg"}}}},"width":90,"height":90},"300":{"formats":{"webp":{"resolutions":{"1x":{"url":"https://statics.docmorris.de/static/produkte/G3VF5G4X/docmorris/ps300/kytta-3-x-100-g-dreierpack-3x100-g-80025008-0-1714112432467942.jpeg"},"2x":{"url":"https://statics.docmorris.de/static/produkte/G3VF5G4X/docmorris/ps300r/kytta-3-x-100-g-dreierpack-3x100-g-80025008-0-1714112432467942.jpeg"}}}},"width":300,"height":300},"420":{"formats":{"webp":{"resolutions":{"1x":{"url":"https://statics.docmorris.de/static/produkte/G3VF5G4X/docmorris/ps420/kytta-3-x-100-g-dreierpack-3x100-g-80025008-0-1714112432467942.jpeg"},"2x":{"url":"https://statics.docmorris.de/static/produkte/G3VF5G4X/docmorris/ps420r/kytta-3-x-100-g-dreierpack-3x100-g-80025008-0-1714112432467942.jpeg"}}}},"width":420,"height":420}}}],"bestSeller":{"id":"6fee4fe5-caf4-485d-9e1a-a3a5808ec912","name":"DocMorris Apotheke","baseprice":"152,97 €/kg","hasStock":true,"savingsPercentageFormatted":"26%","prices":{"salesPrice":{"value":45.89,"formattedValue":"45,89 €"}}},"sellers":[],"badges":[]}],"GKV":[{"code":"10832865","readableId":"FX5UP389","productId":"722c92b9-f4ba-4ffb-8bad-efdda3d39171","packagingSize":"150 g","quantity":150,"baseprice":"126,60 €/kg","slug":"kytta-schmerzsalbe/10832865","url":"/kytta-schmerzsalbe/10832865","available":true,"prices":{"salesPrice":{"value":5,"formattedValue":"5,00 €"},"recommendedRetailPrice":{"value":27.99,"formattedValue":"27,99 €"},"savings":{"value":22.99,"formattedValue":"22,99 €"},"bonus":{"value":0,"formattedValue":"0,00 €"},"maxRefundDifference":{"value":0,"formattedValue":"0,00 €"},"additionalPayment":{"value":5,"formattedValue":"5,00 €"},"savingsPercentageFormatted":null,"metadata":{"displayUVP":true,"displaySaving":true,"displayBonus":false}},"trafficChannel":null,"images":[{"variants":{"90":{"formats":{"webp":{"resolutions":{"1x":{"url":"https://statics.docmorris.de/static/produkte/FX5UP389/docmorris/ps90/kytta-schmerzsalbe-150-g-10832865-0-1720620118087441.jpg"},"2x":{"url":"https://statics.docmorris.de/static/produkte/FX5UP389/docmorris/ps90r/kytta-schmerzsalbe-150-g-10832865-0-1720620118087441.jpg"}}}},"width":90,"height":90},"300":{"formats":{"webp":{"resolutions":{"1x":{"url":"https://statics.docmorris.de/static/produkte/FX5UP389/docmorris/ps300/kytta-schmerzsalbe-150-g-10832865-0-1720620118087441.jpg"},"2x":{"url":"https://statics.docmorris.de/static/produkte/FX5UP389/docmorris/ps300r/kytta-schmerzsalbe-150-g-10832865-0-1720620118087441.jpg"}}}},"width":300,"height":300},"420":{"formats":{"webp":{"resolutions":{"1x":{"url":"https://statics.docmorris.de/static/produkte/FX5UP389/docmorris/ps420/kytta-schmerzsalbe-150-g-10832865-0-1720620118087441.jpg"},"2x":{"url":"https://statics.docmorris.de/static/produkte/FX5UP389/docmorris/ps420r/kytta-schmerzsalbe-150-g-10832865-0-1720620118087441.jpg"}}}},"width":420,"height":420}}},{"variants":{"90":{"formats":{"webp":{"resolutions":{"1x":{"url":"https://statics.docmorris.de/static/produkte/FX5UP389/docmorris/ps90/kytta-schmerzsalbe-150-g-10832865-2-1720620118721051.jpeg"},"2x":{"url":"https://statics.docmorris.de/static/produkte/FX5UP389/docmorris/ps90r/kytta-schmerzsalbe-150-g-10832865-2-1720620118721051.jpeg"}}}},"width":90,"height":90},"300":{"formats":{"webp":{"resolutions":{"1x":{"url":"https://statics.docmorris.de/static/produkte/FX5UP389/docmorris/ps300/kytta-schmerzsalbe-150-g-10832865-2-1720620118721051.jpeg"},"2x":{"url":"https://statics.docmorris.de/static/produkte/FX5UP389/docmorris/ps300r/kytta-schmerzsalbe-150-g-10832865-2-1720620118721051.jpeg"}}}},"width":300,"height":300},"420":{"formats":{"webp":{"resolutions":{"1x":{"url":"https://statics.docmorris.de/static/produkte/FX5UP389/docmorris/ps420/kytta-schmerzsalbe-150-g-10832865-2-1720620118721051.jpeg"},"2x":{"url":"https://statics.docmorris.de/static/produkte/FX5UP389/docmorris/ps420r/kytta-schmerzsalbe-150-g-10832865-2-1720620118721051.jpeg"}}}},"width":420,"height":420}}},{"variants":{"90":{"formats":{"webp":{"resolutions":{"1x":{"url":"https://statics.docmorris.de/static/produkte/FX5UP389/docmorris/ps90/kytta-schmerzsalbe-150-g-10832865-3-1720620118989838.jpeg"},"2x":{"url":"https://statics.docmorris.de/static/produkte/FX5UP389/docmorris/ps90r/kytta-schmerzsalbe-150-g-10832865-3-1720620118989838.jpeg"}}}},"width":90,"height":90},"300":{"formats":{"webp":{"resolutions":{"1x":{"url":"https://statics.docmorris.de/static/produkte/FX5UP389/docmorris/ps300/kytta-schmerzsalbe-150-g-10832865-3-1720620118989838.jpeg"},"2x":{"url":"https://statics.docmorris.de/static/produkte/FX5UP389/docmorris/ps300r/kytta-schmerzsalbe-150-g-10832865-3-1720620118989838.jpeg"}}}},"width":300,"height":300},"420":{"formats":{"webp":{"resolutions":{"1x":{"url":"https://statics.docmorris.de/static/produkte/FX5UP389/docmorris/ps420/kytta-schmerzsalbe-150-g-10832865-3-1720620118989838.jpeg"},"2x":{"url":"https://statics.docmorris.de/static/produkte/FX5UP389/docmorris/ps420r/kytta-schmerzsalbe-150-g-10832865-3-1720620118989838.jpeg"}}}},"width":420,"height":420}}},{"variants":{"90":{"formats":{"webp":{"resolutions":{"1x":{"url":"https://statics.docmorris.de/static/produkte/FX5UP389/docmorris/ps90/kytta-schmerzsalbe-150-g-10832865-4-1720620119264784.jpeg"},"2x":{"url":"https://statics.docmorris.de/static/produkte/FX5UP389/docmorris/ps90r/kytta-schmerzsalbe-150-g-10832865-4-1720620119264784.jpeg"}}}},"width":90,"height":90},"300":{"formats":{"webp":{"resolutions":{"1x":{"url":"https://statics.docmorris.de/static/produkte/FX5UP389/docmorris/ps300/kytta-schmerzsalbe-150-g-10832865-4-1720620119264784.jpeg"},"2x":{"url":"https://statics.docmorris.de/static/produkte/FX5UP389/docmorris/ps300r/kytta-schmerzsalbe-150-g-10832865-4-1720620119264784.jpeg"}}}},"width":300,"height":300},"420":{"formats":{"webp":{"resolutions":{"1x":{"url":"https://statics.docmorris.de/static/produkte/FX5UP389/docmorris/ps420/kytta-schmerzsalbe-150-g-10832865-4-1720620119264784.jpeg"},"2x":{"url":"https://statics.docmorris.de/static/produkte/FX5UP389/docmorris/ps420r/kytta-schmerzsalbe-150-g-10832865-4-1720620119264784.jpeg"}}}},"width":420,"height":420}}},{"variants":{"90":{"formats":{"webp":{"resolutions":{"1x":{"url":"https://statics.docmorris.de/static/produkte/FX5UP389/docmorris/ps90/kytta-schmerzsalbe-150-g-10832865-5-1720620119632811.jpeg"},"2x":{"url":"https://statics.docmorris.de/static/produkte/FX5UP389/docmorris/ps90r/kytta-schmerzsalbe-150-g-10832865-5-1720620119632811.jpeg"}}}},"width":90,"height":90},"300":{"formats":{"webp":{"resolutions":{"1x":{"url":"https://statics.docmorris.de/static/produkte/FX5UP389/docmorris/ps300/kytta-schmerzsalbe-150-g-10832865-5-1720620119632811.jpeg"},"2x":{"url":"https://statics.docmorris.de/static/produkte/FX5UP389/docmorris/ps300r/kytta-schmerzsalbe-150-g-10832865-5-1720620119632811.jpeg"}}}},"width":300,"height":300},"420":{"formats":{"webp":{"resolutions":{"1x":{"url":"https://statics.docmorris.de/static/produkte/FX5UP389/docmorris/ps420/kytta-schmerzsalbe-150-g-10832865-5-1720620119632811.jpeg"},"2x":{"url":"https://statics.docmorris.de/static/produkte/FX5UP389/docmorris/ps420r/kytta-schmerzsalbe-150-g-10832865-5-1720620119632811.jpeg"}}}},"width":420,"height":420}}},{"variants":{"90":{"formats":{"webp":{"resolutions":{"1x":{"url":"https://statics.docmorris.de/static/produkte/FX5UP389/docmorris/ps90/kytta-schmerzsalbe-150-g-10832865-6-1720620119915471.jpeg"},"2x":{"url":"https://statics.docmorris.de/static/produkte/FX5UP389/docmorris/ps90r/kytta-schmerzsalbe-150-g-10832865-6-1720620119915471.jpeg"}}}},"width":90,"height":90},"300":{"formats":{"webp":{"resolutions":{"1x":{"url":"https://statics.docmorris.de/static/produkte/FX5UP389/docmorris/ps300/kytta-schmerzsalbe-150-g-10832865-6-1720620119915471.jpeg"},"2x":{"url":"https://statics.docmorris.de/static/produkte/FX5UP389/docmorris/ps300r/kytta-schmerzsalbe-150-g-10832865-6-1720620119915471.jpeg"}}}},"width":300,"height":300},"420":{"formats":{"webp":{"resolutions":{"1x":{"url":"https://statics.docmorris.de/static/produkte/FX5UP389/docmorris/ps420/kytta-schmerzsalbe-150-g-10832865-6-1720620119915471.jpeg"},"2x":{"url":"https://statics.docmorris.de/static/produkte/FX5UP389/docmorris/ps420r/kytta-schmerzsalbe-150-g-10832865-6-1720620119915471.jpeg"}}}},"width":420,"height":420}}},{"variants":{"90":{"formats":{"webp":{"resolutions":{"1x":{"url":"https://statics.docmorris.de/static/produkte/FX5UP389/docmorris/ps90/kytta-schmerzsalbe-150-g-10832865-7-1720620120183847.jpeg"},"2x":{"url":"https://statics.docmorris.de/static/produkte/FX5UP389/docmorris/ps90r/kytta-schmerzsalbe-150-g-10832865-7-1720620120183847.jpeg"}}}},"width":90,"height":90},"300":{"formats":{"webp":{"resolutions":{"1x":{"url":"https://statics.docmorris.de/static/produkte/FX5UP389/docmorris/ps300/kytta-schmerzsalbe-150-g-10832865-7-1720620120183847.jpeg"},"2x":{"url":"https://statics.docmorris.de/static/produkte/FX5UP389/docmorris/ps300r/kytta-schmerzsalbe-150-g-10832865-7-1720620120183847.jpeg"}}}},"width":300,"height":300},"420":{"formats":{"webp":{"resolutions":{"1x":{"url":"https://statics.docmorris.de/static/produkte/FX5UP389/docmorris/ps420/kytta-schmerzsalbe-150-g-10832865-7-1720620120183847.jpeg"},"2x":{"url":"https://statics.docmorris.de/static/produkte/FX5UP389/docmorris/ps420r/kytta-schmerzsalbe-150-g-10832865-7-1720620120183847.jpeg"}}}},"width":420,"height":420}}}],"bestSeller":{"id":"6fee4fe5-caf4-485d-9e1a-a3a5808ec912","name":"DocMorris Apotheke","baseprice":"126,60 €/kg","hasStock":true,"savingsPercentageFormatted":"32%","prices":{"salesPrice":{"value":18.99,"formattedValue":"18,99 €"}}},"sellers":[],"badges":[]},{"code":"10832859","readableId":"FX54PC5Z","productId":"ba286045-366c-4ee3-8d3d-8d5d0375dfbd","packagingSize":"100 g","quantity":100,"baseprice":"169,90 €/kg","slug":"kytta-schmerzsalbe/10832859","url":"/kytta-schmerzsalbe/10832859","available":true,"prices":{"salesPrice":{"value":5,"formattedValue":"5,00 €"},"recommendedRetailPrice":{"value":20.88,"formattedValue":"20,88 €"},"savings":{"value":15.88,"formattedValue":"15,88 €"},"bonus":{"value":0,"formattedValue":"0,00 €"},"maxRefundDifference":{"value":0,"formattedValue":"0,00 €"},"additionalPayment":{"value":5,"formattedValue":"5,00 €"},"savingsPercentageFormatted":null,"metadata":{"displayUVP":true,"displaySaving":true,"displayBonus":false}},"trafficChannel":null,"images":[{"variants":{"90":{"formats":{"webp":{"resolutions":{"1x":{"url":"https://statics.docmorris.de/static/produkte/FX54PC5Z/docmorris/ps90/kytta-schmerzsalbe-100-g-10832859-0-1720620146618572.jpg"},"2x":{"url":"https://statics.docmorris.de/static/produkte/FX54PC5Z/docmorris/ps90r/kytta-schmerzsalbe-100-g-10832859-0-1720620146618572.jpg"}}}},"width":90,"height":90},"300":{"formats":{"webp":{"resolutions":{"1x":{"url":"https://statics.docmorris.de/static/produkte/FX54PC5Z/docmorris/ps300/kytta-schmerzsalbe-100-g-10832859-0-1720620146618572.jpg"},"2x":{"url":"https://statics.docmorris.de/static/produkte/FX54PC5Z/docmorris/ps300r/kytta-schmerzsalbe-100-g-10832859-0-1720620146618572.jpg"}}}},"width":300,"height":300},"420":{"formats":{"webp":{"resolutions":{"1x":{"url":"https://statics.docmorris.de/static/produkte/FX54PC5Z/docmorris/ps420/kytta-schmerzsalbe-100-g-10832859-0-1720620146618572.jpg"},"2x":{"url":"https://statics.docmorris.de/static/produkte/FX54PC5Z/docmorris/ps420r/kytta-schmerzsalbe-100-g-10832859-0-1720620146618572.jpg"}}}},"width":420,"height":420}}},{"variants":{"90":{"formats":{"webp":{"resolutions":{"1x":{"url":"https://statics.docmorris.de/static/produkte/FX54PC5Z/docmorris/ps90/kytta-schmerzsalbe-100-g-10832859-2-1720620147260480.jpeg"},"2x":{"url":"https://statics.docmorris.de/static/produkte/FX54PC5Z/docmorris/ps90r/kytta-schmerzsalbe-100-g-10832859-2-1720620147260480.jpeg"}}}},"width":90,"height":90},"300":{"formats":{"webp":{"resolutions":{"1x":{"url":"https://statics.docmorris.de/static/produkte/FX54PC5Z/docmorris/ps300/kytta-schmerzsalbe-100-g-10832859-2-1720620147260480.jpeg"},"2x":{"url":"https://statics.docmorris.de/static/produkte/FX54PC5Z/docmorris/ps300r/kytta-schmerzsalbe-100-g-10832859-2-1720620147260480.jpeg"}}}},"width":300,"height":300},"420":{"formats":{"webp":{"resolutions":{"1x":{"url":"https://statics.docmorris.de/static/produkte/FX54PC5Z/docmorris/ps420/kytta-schmerzsalbe-100-g-10832859-2-1720620147260480.jpeg"},"2x":{"url":"https://statics.docmorris.de/static/produkte/FX54PC5Z/docmorris/ps420r/kytta-schmerzsalbe-100-g-10832859-2-1720620147260480.jpeg"}}}},"width":420,"height":420}}},{"variants":{"90":{"formats":{"webp":{"resolutions":{"1x":{"url":"https://statics.docmorris.de/static/produkte/FX54PC5Z/docmorris/ps90/kytta-schmerzsalbe-100-g-10832859-3-1720620147563169.jpeg"},"2x":{"url":"https://statics.docmorris.de/static/produkte/FX54PC5Z/docmorris/ps90r/kytta-schmerzsalbe-100-g-10832859-3-1720620147563169.jpeg"}}}},"width":90,"height":90},"300":{"formats":{"webp":{"resolutions":{"1x":{"url":"https://statics.docmorris.de/static/produkte/FX54PC5Z/docmorris/ps300/kytta-schmerzsalbe-100-g-10832859-3-1720620147563169.jpeg"},"2x":{"url":"https://statics.docmorris.de/static/produkte/FX54PC5Z/docmorris/ps300r/kytta-schmerzsalbe-100-g-10832859-3-1720620147563169.jpeg"}}}},"width":300,"height":300},"420":{"formats":{"webp":{"resolutions":{"1x":{"url":"https://statics.docmorris.de/static/produkte/FX54PC5Z/docmorris/ps420/kytta-schmerzsalbe-100-g-10832859-3-1720620147563169.jpeg"},"2x":{"url":"https://statics.docmorris.de/static/produkte/FX54PC5Z/docmorris/ps420r/kytta-schmerzsalbe-100-g-10832859-3-1720620147563169.jpeg"}}}},"width":420,"height":420}}},{"variants":{"90":{"formats":{"webp":{"resolutions":{"1x":{"url":"https://statics.docmorris.de/static/produkte/FX54PC5Z/docmorris/ps90/kytta-schmerzsalbe-100-g-10832859-4-1720620147859757.jpeg"},"2x":{"url":"https://statics.docmorris.de/static/produkte/FX54PC5Z/docmorris/ps90r/kytta-schmerzsalbe-100-g-10832859-4-1720620147859757.jpeg"}}}},"width":90,"height":90},"300":{"formats":{"webp":{"resolutions":{"1x":{"url":"https://statics.docmorris.de/static/produkte/FX54PC5Z/docmorris/ps300/kytta-schmerzsalbe-100-g-10832859-4-1720620147859757.jpeg"},"2x":{"url":"https://statics.docmorris.de/static/produkte/FX54PC5Z/docmorris/ps300r/kytta-schmerzsalbe-100-g-10832859-4-1720620147859757.jpeg"}}}},"width":300,"height":300},"420":{"formats":{"webp":{"resolutions":{"1x":{"url":"https://statics.docmorris.de/static/produkte/FX54PC5Z/docmorris/ps420/kytta-schmerzsalbe-100-g-10832859-4-1720620147859757.jpeg"},"2x":{"url":"https://statics.docmorris.de/static/produkte/FX54PC5Z/docmorris/ps420r/kytta-schmerzsalbe-100-g-10832859-4-1720620147859757.jpeg"}}}},"width":420,"height":420}}},{"variants":{"90":{"formats":{"webp":{"resolutions":{"1x":{"url":"https://statics.docmorris.de/static/produkte/FX54PC5Z/docmorris/ps90/kytta-schmerzsalbe-100-g-10832859-5-1720620148152830.jpeg"},"2x":{"url":"https://statics.docmorris.de/static/produkte/FX54PC5Z/docmorris/ps90r/kytta-schmerzsalbe-100-g-10832859-5-1720620148152830.jpeg"}}}},"width":90,"height":90},"300":{"formats":{"webp":{"resolutions":{"1x":{"url":"https://statics.docmorris.de/static/produkte/FX54PC5Z/docmorris/ps300/kytta-schmerzsalbe-100-g-10832859-5-1720620148152830.jpeg"},"2x":{"url":"https://statics.docmorris.de/static/produkte/FX54PC5Z/docmorris/ps300r/kytta-schmerzsalbe-100-g-10832859-5-1720620148152830.jpeg"}}}},"width":300,"height":300},"420":{"formats":{"webp":{"resolutions":{"1x":{"url":"https://statics.docmorris.de/static/produkte/FX54PC5Z/docmorris/ps420/kytta-schmerzsalbe-100-g-10832859-5-1720620148152830.jpeg"},"2x":{"url":"https://statics.docmorris.de/static/produkte/FX54PC5Z/docmorris/ps420r/kytta-schmerzsalbe-100-g-10832859-5-1720620148152830.jpeg"}}}},"width":420,"height":420}}},{"variants":{"90":{"formats":{"webp":{"resolutions":{"1x":{"url":"https://statics.docmorris.de/static/produkte/FX54PC5Z/docmorris/ps90/kytta-schmerzsalbe-100-g-10832859-6-1720620148424728.jpeg"},"2x":{"url":"https://statics.docmorris.de/static/produkte/FX54PC5Z/docmorris/ps90r/kytta-schmerzsalbe-100-g-10832859-6-1720620148424728.jpeg"}}}},"width":90,"height":90},"300":{"formats":{"webp":{"resolutions":{"1x":{"url":"https://statics.docmorris.de/static/produkte/FX54PC5Z/docmorris/ps300/kytta-schmerzsalbe-100-g-10832859-6-1720620148424728.jpeg"},"2x":{"url":"https://statics.docmorris.de/static/produkte/FX54PC5Z/docmorris/ps300r/kytta-schmerzsalbe-100-g-10832859-6-1720620148424728.jpeg"}}}},"width":300,"height":300},"420":{"formats":{"webp":{"resolutions":{"1x":{"url":"https://statics.docmorris.de/static/produkte/FX54PC5Z/docmorris/ps420/kytta-schmerzsalbe-100-g-10832859-6-1720620148424728.jpeg"},"2x":{"url":"https://statics.docmorris.de/static/produkte/FX54PC5Z/docmorris/ps420r/kytta-schmerzsalbe-100-g-10832859-6-1720620148424728.jpeg"}}}},"width":420,"height":420}}},{"variants":{"90":{"formats":{"webp":{"resolutions":{"1x":{"url":"https://statics.docmorris.de/static/produkte/FX54PC5Z/docmorris/ps90/kytta-schmerzsalbe-100-g-10832859-7-1720620148686239.jpeg"},"2x":{"url":"https://statics.docmorris.de/static/produkte/FX54PC5Z/docmorris/ps90r/kytta-schmerzsalbe-100-g-10832859-7-1720620148686239.jpeg"}}}},"width":90,"height":90},"300":{"formats":{"webp":{"resolutions":{"1x":{"url":"https://statics.docmorris.de/static/produkte/FX54PC5Z/docmorris/ps300/kytta-schmerzsalbe-100-g-10832859-7-1720620148686239.jpeg"},"2x":{"url":"https://statics.docmorris.de/static/produkte/FX54PC5Z/docmorris/ps300r/kytta-schmerzsalbe-100-g-10832859-7-1720620148686239.jpeg"}}}},"width":300,"height":300},"420":{"formats":{"webp":{"resolutions":{"1x":{"url":"https://statics.docmorris.de/static/produkte/FX54PC5Z/docmorris/ps420/kytta-schmerzsalbe-100-g-10832859-7-1720620148686239.jpeg"},"2x":{"url":"https://statics.docmorris.de/static/produkte/FX54PC5Z/docmorris/ps420r/kytta-schmerzsalbe-100-g-10832859-7-1720620148686239.jpeg"}}}},"width":420,"height":420}}}],"bestSeller":{"id":"6fee4fe5-caf4-485d-9e1a-a3a5808ec912","name":"DocMorris Apotheke","baseprice":"169,90 €/kg","hasStock":true,"savingsPercentageFormatted":"18%","prices":{"salesPrice":{"value":16.99,"formattedValue":"16,99 €"}}},"sellers":[],"badges":[]},{"code":"10832842","readableId":"FX5KVV70","productId":"95861f01-e53a-46ca-b031-7902588c0b1e","packagingSize":"50 g","quantity":50,"baseprice":"175,80 €/kg","slug":"kytta-schmerzsalbe/10832842","url":"/kytta-schmerzsalbe/10832842","available":true,"prices":{"salesPrice":{"value":5,"formattedValue":"5,00 €"},"recommendedRetailPrice":{"value":11.28,"formattedValue":"11,28 €"},"savings":{"value":6.28,"formattedValue":"6,28 €"},"bonus":{"value":0,"formattedValue":"0,00 €"},"maxRefundDifference":{"value":0,"formattedValue":"0,00 €"},"additionalPayment":{"value":5,"formattedValue":"5,00 €"},"savingsPercentageFormatted":null,"metadata":{"displayUVP":true,"displaySaving":true,"displayBonus":false}},"trafficChannel":null,"images":[{"variants":{"90":{"formats":{"webp":{"resolutions":{"1x":{"url":"https://statics.docmorris.de/static/produkte/FX5KVV70/docmorris/ps90/kytta-schmerzsalbe-50-g-10832842-0-1720620174873199.jpg"},"2x":{"url":"https://statics.docmorris.de/static/produkte/FX5KVV70/docmorris/ps90r/kytta-schmerzsalbe-50-g-10832842-0-1720620174873199.jpg"}}}},"width":90,"height":90},"300":{"formats":{"webp":{"resolutions":{"1x":{"url":"https://statics.docmorris.de/static/produkte/FX5KVV70/docmorris/ps300/kytta-schmerzsalbe-50-g-10832842-0-1720620174873199.jpg"},"2x":{"url":"https://statics.docmorris.de/static/produkte/FX5KVV70/docmorris/ps300r/kytta-schmerzsalbe-50-g-10832842-0-1720620174873199.jpg"}}}},"width":300,"height":300},"420":{"formats":{"webp":{"resolutions":{"1x":{"url":"https://statics.docmorris.de/static/produkte/FX5KVV70/docmorris/ps420/kytta-schmerzsalbe-50-g-10832842-0-1720620174873199.jpg"},"2x":{"url":"https://statics.docmorris.de/static/produkte/FX5KVV70/docmorris/ps420r/kytta-schmerzsalbe-50-g-10832842-0-1720620174873199.jpg"}}}},"width":420,"height":420}}},{"variants":{"90":{"formats":{"webp":{"resolutions":{"1x":{"url":"https://statics.docmorris.de/static/produkte/FX5KVV70/docmorris/ps90/kytta-schmerzsalbe-50-g-10832842-2-1720620175462903.jpeg"},"2x":{"url":"https://statics.docmorris.de/static/produkte/FX5KVV70/docmorris/ps90r/kytta-schmerzsalbe-50-g-10832842-2-1720620175462903.jpeg"}}}},"width":90,"height":90},"300":{"formats":{"webp":{"resolutions":{"1x":{"url":"https://statics.docmorris.de/static/produkte/FX5KVV70/docmorris/ps300/kytta-schmerzsalbe-50-g-10832842-2-1720620175462903.jpeg"},"2x":{"url":"https://statics.docmorris.de/static/produkte/FX5KVV70/docmorris/ps300r/kytta-schmerzsalbe-50-g-10832842-2-1720620175462903.jpeg"}}}},"width":300,"height":300},"420":{"formats":{"webp":{"resolutions":{"1x":{"url":"https://statics.docmorris.de/static/produkte/FX5KVV70/docmorris/ps420/kytta-schmerzsalbe-50-g-10832842-2-1720620175462903.jpeg"},"2x":{"url":"https://statics.docmorris.de/static/produkte/FX5KVV70/docmorris/ps420r/kytta-schmerzsalbe-50-g-10832842-2-1720620175462903.jpeg"}}}},"width":420,"height":420}}},{"variants":{"90":{"formats":{"webp":{"resolutions":{"1x":{"url":"https://statics.docmorris.de/static/produkte/FX5KVV70/docmorris/ps90/kytta-schmerzsalbe-50-g-10832842-3-1720620175722729.jpeg"},"2x":{"url":"https://statics.docmorris.de/static/produkte/FX5KVV70/docmorris/ps90r/kytta-schmerzsalbe-50-g-10832842-3-1720620175722729.jpeg"}}}},"width":90,"height":90},"300":{"formats":{"webp":{"resolutions":{"1x":{"url":"https://statics.docmorris.de/static/produkte/FX5KVV70/docmorris/ps300/kytta-schmerzsalbe-50-g-10832842-3-1720620175722729.jpeg"},"2x":{"url":"https://statics.docmorris.de/static/produkte/FX5KVV70/docmorris/ps300r/kytta-schmerzsalbe-50-g-10832842-3-1720620175722729.jpeg"}}}},"width":300,"height":300},"420":{"formats":{"webp":{"resolutions":{"1x":{"url":"https://statics.docmorris.de/static/produkte/FX5KVV70/docmorris/ps420/kytta-schmerzsalbe-50-g-10832842-3-1720620175722729.jpeg"},"2x":{"url":"https://statics.docmorris.de/static/produkte/FX5KVV70/docmorris/ps420r/kytta-schmerzsalbe-50-g-10832842-3-1720620175722729.jpeg"}}}},"width":420,"height":420}}},{"variants":{"90":{"formats":{"webp":{"resolutions":{"1x":{"url":"https://statics.docmorris.de/static/produkte/FX5KVV70/docmorris/ps90/kytta-schmerzsalbe-50-g-10832842-4-1720620176043270.jpeg"},"2x":{"url":"https://statics.docmorris.de/static/produkte/FX5KVV70/docmorris/ps90r/kytta-schmerzsalbe-50-g-10832842-4-1720620176043270.jpeg"}}}},"width":90,"height":90},"300":{"formats":{"webp":{"resolutions":{"1x":{"url":"https://statics.docmorris.de/static/produkte/FX5KVV70/docmorris/ps300/kytta-schmerzsalbe-50-g-10832842-4-1720620176043270.jpeg"},"2x":{"url":"https://statics.docmorris.de/static/produkte/FX5KVV70/docmorris/ps300r/kytta-schmerzsalbe-50-g-10832842-4-1720620176043270.jpeg"}}}},"width":300,"height":300},"420":{"formats":{"webp":{"resolutions":{"1x":{"url":"https://statics.docmorris.de/static/produkte/FX5KVV70/docmorris/ps420/kytta-schmerzsalbe-50-g-10832842-4-1720620176043270.jpeg"},"2x":{"url":"https://statics.docmorris.de/static/produkte/FX5KVV70/docmorris/ps420r/kytta-schmerzsalbe-50-g-10832842-4-1720620176043270.jpeg"}}}},"width":420,"height":420}}},{"variants":{"90":{"formats":{"webp":{"resolutions":{"1x":{"url":"https://statics.docmorris.de/static/produkte/FX5KVV70/docmorris/ps90/kytta-schmerzsalbe-50-g-10832842-5-1720620176324580.jpeg"},"2x":{"url":"https://statics.docmorris.de/static/produkte/FX5KVV70/docmorris/ps90r/kytta-schmerzsalbe-50-g-10832842-5-1720620176324580.jpeg"}}}},"width":90,"height":90},"300":{"formats":{"webp":{"resolutions":{"1x":{"url":"https://statics.docmorris.de/static/produkte/FX5KVV70/docmorris/ps300/kytta-schmerzsalbe-50-g-10832842-5-1720620176324580.jpeg"},"2x":{"url":"https://statics.docmorris.de/static/produkte/FX5KVV70/docmorris/ps300r/kytta-schmerzsalbe-50-g-10832842-5-1720620176324580.jpeg"}}}},"width":300,"height":300},"420":{"formats":{"webp":{"resolutions":{"1x":{"url":"https://statics.docmorris.de/static/produkte/FX5KVV70/docmorris/ps420/kytta-schmerzsalbe-50-g-10832842-5-1720620176324580.jpeg"},"2x":{"url":"https://statics.docmorris.de/static/produkte/FX5KVV70/docmorris/ps420r/kytta-schmerzsalbe-50-g-10832842-5-1720620176324580.jpeg"}}}},"width":420,"height":420}}},{"variants":{"90":{"formats":{"webp":{"resolutions":{"1x":{"url":"https://statics.docmorris.de/static/produkte/FX5KVV70/docmorris/ps90/kytta-schmerzsalbe-50-g-10832842-6-1720620176576025.jpeg"},"2x":{"url":"https://statics.docmorris.de/static/produkte/FX5KVV70/docmorris/ps90r/kytta-schmerzsalbe-50-g-10832842-6-1720620176576025.jpeg"}}}},"width":90,"height":90},"300":{"formats":{"webp":{"resolutions":{"1x":{"url":"https://statics.docmorris.de/static/produkte/FX5KVV70/docmorris/ps300/kytta-schmerzsalbe-50-g-10832842-6-1720620176576025.jpeg"},"2x":{"url":"https://statics.docmorris.de/static/produkte/FX5KVV70/docmorris/ps300r/kytta-schmerzsalbe-50-g-10832842-6-1720620176576025.jpeg"}}}},"width":300,"height":300},"420":{"formats":{"webp":{"resolutions":{"1x":{"url":"https://statics.docmorris.de/static/produkte/FX5KVV70/docmorris/ps420/kytta-schmerzsalbe-50-g-10832842-6-1720620176576025.jpeg"},"2x":{"url":"https://statics.docmorris.de/static/produkte/FX5KVV70/docmorris/ps420r/kytta-schmerzsalbe-50-g-10832842-6-1720620176576025.jpeg"}}}},"width":420,"height":420}}},{"variants":{"90":{"formats":{"webp":{"resolutions":{"1x":{"url":"https://statics.docmorris.de/static/produkte/FX5KVV70/docmorris/ps90/kytta-schmerzsalbe-50-g-10832842-7-1720620176788053.jpeg"},"2x":{"url":"https://statics.docmorris.de/static/produkte/FX5KVV70/docmorris/ps90r/kytta-schmerzsalbe-50-g-10832842-7-1720620176788053.jpeg"}}}},"width":90,"height":90},"300":{"formats":{"webp":{"resolutions":{"1x":{"url":"https://statics.docmorris.de/static/produkte/FX5KVV70/docmorris/ps300/kytta-schmerzsalbe-50-g-10832842-7-1720620176788053.jpeg"},"2x":{"url":"https://statics.docmorris.de/static/produkte/FX5KVV70/docmorris/ps300r/kytta-schmerzsalbe-50-g-10832842-7-1720620176788053.jpeg"}}}},"width":300,"height":300},"420":{"formats":{"webp":{"resolutions":{"1x":{"url":"https://statics.docmorris.de/static/produkte/FX5KVV70/docmorris/ps420/kytta-schmerzsalbe-50-g-10832842-7-1720620176788053.jpeg"},"2x":{"url":"https://statics.docmorris.de/static/produkte/FX5KVV70/docmorris/ps420r/kytta-schmerzsalbe-50-g-10832842-7-1720620176788053.jpeg"}}}},"width":420,"height":420}}}],"bestSeller":{"id":"6fee4fe5-caf4-485d-9e1a-a3a5808ec912","name":"DocMorris Apotheke","baseprice":"175,80 €/kg","hasStock":true,"savingsPercentageFormatted":"22%","prices":{"salesPrice":{"value":8.79,"formattedValue":"8,79 €"}}},"sellers":[],"badges":[]}],"PKV":[{"code":"10832865","readableId":"FX5UP389","productId":"722c92b9-f4ba-4ffb-8bad-efdda3d39171","packagingSize":"150 g","quantity":150,"baseprice":"126,60 €/kg","slug":"kytta-schmerzsalbe/10832865","url":"/kytta-schmerzsalbe/10832865","available":true,"prices":{"salesPrice":{"value":18.99,"formattedValue":"18,99 €"},"recommendedRetailPrice":{"value":27.99,"formattedValue":"27,99 €"},"savings":{"value":9,"formattedValue":"9,00 €"},"bonus":{"value":0,"formattedValue":"0,00 €"},"maxRefundDifference":{"value":0,"formattedValue":"0,00 €"},"additionalPayment":{"value":0,"formattedValue":"0,00 €"},"savingsPercentageFormatted":null,"metadata":{"displayUVP":true,"displaySaving":true,"displayBonus":false}},"trafficChannel":null,"images":[{"variants":{"90":{"formats":{"webp":{"resolutions":{"1x":{"url":"https://statics.docmorris.de/static/produkte/FX5UP389/docmorris/ps90/kytta-schmerzsalbe-150-g-10832865-0-1720620118087441.jpg"},"2x":{"url":"https://statics.docmorris.de/static/produkte/FX5UP389/docmorris/ps90r/kytta-schmerzsalbe-150-g-10832865-0-1720620118087441.jpg"}}}},"width":90,"height":90},"300":{"formats":{"webp":{"resolutions":{"1x":{"url":"https://statics.docmorris.de/static/produkte/FX5UP389/docmorris/ps300/kytta-schmerzsalbe-150-g-10832865-0-1720620118087441.jpg"},"2x":{"url":"https://statics.docmorris.de/static/produkte/FX5UP389/docmorris/ps300r/kytta-schmerzsalbe-150-g-10832865-0-1720620118087441.jpg"}}}},"width":300,"height":300},"420":{"formats":{"webp":{"resolutions":{"1x":{"url":"https://statics.docmorris.de/static/produkte/FX5UP389/docmorris/ps420/kytta-schmerzsalbe-150-g-10832865-0-1720620118087441.jpg"},"2x":{"url":"https://statics.docmorris.de/static/produkte/FX5UP389/docmorris/ps420r/kytta-schmerzsalbe-150-g-10832865-0-1720620118087441.jpg"}}}},"width":420,"height":420}}},{"variants":{"90":{"formats":{"webp":{"resolutions":{"1x":{"url":"https://statics.docmorris.de/static/produkte/FX5UP389/docmorris/ps90/kytta-schmerzsalbe-150-g-10832865-2-1720620118721051.jpeg"},"2x":{"url":"https://statics.docmorris.de/static/produkte/FX5UP389/docmorris/ps90r/kytta-schmerzsalbe-150-g-10832865-2-1720620118721051.jpeg"}}}},"width":90,"height":90},"300":{"formats":{"webp":{"resolutions":{"1x":{"url":"https://statics.docmorris.de/static/produkte/FX5UP389/docmorris/ps300/kytta-schmerzsalbe-150-g-10832865-2-1720620118721051.jpeg"},"2x":{"url":"https://statics.docmorris.de/static/produkte/FX5UP389/docmorris/ps300r/kytta-schmerzsalbe-150-g-10832865-2-1720620118721051.jpeg"}}}},"width":300,"height":300},"420":{"formats":{"webp":{"resolutions":{"1x":{"url":"https://statics.docmorris.de/static/produkte/FX5UP389/docmorris/ps420/kytta-schmerzsalbe-150-g-10832865-2-1720620118721051.jpeg"},"2x":{"url":"https://statics.docmorris.de/static/produkte/FX5UP389/docmorris/ps420r/kytta-schmerzsalbe-150-g-10832865-2-1720620118721051.jpeg"}}}},"width":420,"height":420}}},{"variants":{"90":{"formats":{"webp":{"resolutions":{"1x":{"url":"https://statics.docmorris.de/static/produkte/FX5UP389/docmorris/ps90/kytta-schmerzsalbe-150-g-10832865-3-1720620118989838.jpeg"},"2x":{"url":"https://statics.docmorris.de/static/produkte/FX5UP389/docmorris/ps90r/kytta-schmerzsalbe-150-g-10832865-3-1720620118989838.jpeg"}}}},"width":90,"height":90},"300":{"formats":{"webp":{"resolutions":{"1x":{"url":"https://statics.docmorris.de/static/produkte/FX5UP389/docmorris/ps300/kytta-schmerzsalbe-150-g-10832865-3-1720620118989838.jpeg"},"2x":{"url":"https://statics.docmorris.de/static/produkte/FX5UP389/docmorris/ps300r/kytta-schmerzsalbe-150-g-10832865-3-1720620118989838.jpeg"}}}},"width":300,"height":300},"420":{"formats":{"webp":{"resolutions":{"1x":{"url":"https://statics.docmorris.de/static/produkte/FX5UP389/docmorris/ps420/kytta-schmerzsalbe-150-g-10832865-3-1720620118989838.jpeg"},"2x":{"url":"https://statics.docmorris.de/static/produkte/FX5UP389/docmorris/ps420r/kytta-schmerzsalbe-150-g-10832865-3-1720620118989838.jpeg"}}}},"width":420,"height":420}}},{"variants":{"90":{"formats":{"webp":{"resolutions":{"1x":{"url":"https://statics.docmorris.de/static/produkte/FX5UP389/docmorris/ps90/kytta-schmerzsalbe-150-g-10832865-4-1720620119264784.jpeg"},"2x":{"url":"https://statics.docmorris.de/static/produkte/FX5UP389/docmorris/ps90r/kytta-schmerzsalbe-150-g-10832865-4-1720620119264784.jpeg"}}}},"width":90,"height":90},"300":{"formats":{"webp":{"resolutions":{"1x":{"url":"https://statics.docmorris.de/static/produkte/FX5UP389/docmorris/ps300/kytta-schmerzsalbe-150-g-10832865-4-1720620119264784.jpeg"},"2x":{"url":"https://statics.docmorris.de/static/produkte/FX5UP389/docmorris/ps300r/kytta-schmerzsalbe-150-g-10832865-4-1720620119264784.jpeg"}}}},"width":300,"height":300},"420":{"formats":{"webp":{"resolutions":{"1x":{"url":"https://statics.docmorris.de/static/produkte/FX5UP389/docmorris/ps420/kytta-schmerzsalbe-150-g-10832865-4-1720620119264784.jpeg"},"2x":{"url":"https://statics.docmorris.de/static/produkte/FX5UP389/docmorris/ps420r/kytta-schmerzsalbe-150-g-10832865-4-1720620119264784.jpeg"}}}},"width":420,"height":420}}},{"variants":{"90":{"formats":{"webp":{"resolutions":{"1x":{"url":"https://statics.docmorris.de/static/produkte/FX5UP389/docmorris/ps90/kytta-schmerzsalbe-150-g-10832865-5-1720620119632811.jpeg"},"2x":{"url":"https://statics.docmorris.de/static/produkte/FX5UP389/docmorris/ps90r/kytta-schmerzsalbe-150-g-10832865-5-1720620119632811.jpeg"}}}},"width":90,"height":90},"300":{"formats":{"webp":{"resolutions":{"1x":{"url":"https://statics.docmorris.de/static/produkte/FX5UP389/docmorris/ps300/kytta-schmerzsalbe-150-g-10832865-5-1720620119632811.jpeg"},"2x":{"url":"https://statics.docmorris.de/static/produkte/FX5UP389/docmorris/ps300r/kytta-schmerzsalbe-150-g-10832865-5-1720620119632811.jpeg"}}}},"width":300,"height":300},"420":{"formats":{"webp":{"resolutions":{"1x":{"url":"https://statics.docmorris.de/static/produkte/FX5UP389/docmorris/ps420/kytta-schmerzsalbe-150-g-10832865-5-1720620119632811.jpeg"},"2x":{"url":"https://statics.docmorris.de/static/produkte/FX5UP389/docmorris/ps420r/kytta-schmerzsalbe-150-g-10832865-5-1720620119632811.jpeg"}}}},"width":420,"height":420}}},{"variants":{"90":{"formats":{"webp":{"resolutions":{"1x":{"url":"https://statics.docmorris.de/static/produkte/FX5UP389/docmorris/ps90/kytta-schmerzsalbe-150-g-10832865-6-1720620119915471.jpeg"},"2x":{"url":"https://statics.docmorris.de/static/produkte/FX5UP389/docmorris/ps90r/kytta-schmerzsalbe-150-g-10832865-6-1720620119915471.jpeg"}}}},"width":90,"height":90},"300":{"formats":{"webp":{"resolutions":{"1x":{"url":"https://statics.docmorris.de/static/produkte/FX5UP389/docmorris/ps300/kytta-schmerzsalbe-150-g-10832865-6-1720620119915471.jpeg"},"2x":{"url":"https://statics.docmorris.de/static/produkte/FX5UP389/docmorris/ps300r/kytta-schmerzsalbe-150-g-10832865-6-1720620119915471.jpeg"}}}},"width":300,"height":300},"420":{"formats":{"webp":{"resolutions":{"1x":{"url":"https://statics.docmorris.de/static/produkte/FX5UP389/docmorris/ps420/kytta-schmerzsalbe-150-g-10832865-6-1720620119915471.jpeg"},"2x":{"url":"https://statics.docmorris.de/static/produkte/FX5UP389/docmorris/ps420r/kytta-schmerzsalbe-150-g-10832865-6-1720620119915471.jpeg"}}}},"width":420,"height":420}}},{"variants":{"90":{"formats":{"webp":{"resolutions":{"1x":{"url":"https://statics.docmorris.de/static/produkte/FX5UP389/docmorris/ps90/kytta-schmerzsalbe-150-g-10832865-7-1720620120183847.jpeg"},"2x":{"url":"https://statics.docmorris.de/static/produkte/FX5UP389/docmorris/ps90r/kytta-schmerzsalbe-150-g-10832865-7-1720620120183847.jpeg"}}}},"width":90,"height":90},"300":{"formats":{"webp":{"resolutions":{"1x":{"url":"https://statics.docmorris.de/static/produkte/FX5UP389/docmorris/ps300/kytta-schmerzsalbe-150-g-10832865-7-1720620120183847.jpeg"},"2x":{"url":"https://statics.docmorris.de/static/produkte/FX5UP389/docmorris/ps300r/kytta-schmerzsalbe-150-g-10832865-7-1720620120183847.jpeg"}}}},"width":300,"height":300},"420":{"formats":{"webp":{"resolutions":{"1x":{"url":"https://statics.docmorris.de/static/produkte/FX5UP389/docmorris/ps420/kytta-schmerzsalbe-150-g-10832865-7-1720620120183847.jpeg"},"2x":{"url":"https://statics.docmorris.de/static/produkte/FX5UP389/docmorris/ps420r/kytta-schmerzsalbe-150-g-10832865-7-1720620120183847.jpeg"}}}},"width":420,"height":420}}}],"bestSeller":{"id":"6fee4fe5-caf4-485d-9e1a-a3a5808ec912","name":"DocMorris Apotheke","baseprice":"126,60 €/kg","hasStock":true,"savingsPercentageFormatted":"32%","prices":{"salesPrice":{"value":18.99,"formattedValue":"18,99 €"}}},"sellers":[],"badges":[]},{"code":"80024983","readableId":"XLN97N6H","productId":"6506d79b-c602-4cb4-901b-ffb50434c62d","packagingSize":"2X100 g","quantity":null,"baseprice":"152,95 €/kg","slug":"kytta-2-x-100-g-doppelpack/80024983","url":"/kytta-2-x-100-g-doppelpack/80024983","available":true,"prices":{"salesPrice":{"value":30.59,"formattedValue":"30,59 €"},"recommendedRetailPrice":{"value":41.76,"formattedValue":"41,76 €"},"savings":{"value":11.17,"formattedValue":"11,17 €"},"bonus":{"value":0,"formattedValue":"0,00 €"},"maxRefundDifference":{"value":0,"formattedValue":"0,00 €"},"additionalPayment":{"value":0,"formattedValue":"0,00 €"},"savingsPercentageFormatted":null,"metadata":{"displayUVP":true,"displaySaving":true,"displayBonus":false}},"trafficChannel":null,"images":[{"variants":{"90":{"formats":{"webp":{"resolutions":{"1x":{"url":"https://statics.docmorris.de/static/produkte/XLN97N6H/docmorris/ps90/kytta-2-x-100-g-doppelpack-2x100-g-80024983-0-1714112432313800.jpeg"},"2x":{"url":"https://statics.docmorris.de/static/produkte/XLN97N6H/docmorris/ps90r/kytta-2-x-100-g-doppelpack-2x100-g-80024983-0-1714112432313800.jpeg"}}}},"width":90,"height":90},"300":{"formats":{"webp":{"resolutions":{"1x":{"url":"https://statics.docmorris.de/static/produkte/XLN97N6H/docmorris/ps300/kytta-2-x-100-g-doppelpack-2x100-g-80024983-0-1714112432313800.jpeg"},"2x":{"url":"https://statics.docmorris.de/static/produkte/XLN97N6H/docmorris/ps300r/kytta-2-x-100-g-doppelpack-2x100-g-80024983-0-1714112432313800.jpeg"}}}},"width":300,"height":300},"420":{"formats":{"webp":{"resolutions":{"1x":{"url":"https://statics.docmorris.de/static/produkte/XLN97N6H/docmorris/ps420/kytta-2-x-100-g-doppelpack-2x100-g-80024983-0-1714112432313800.jpeg"},"2x":{"url":"https://statics.docmorris.de/static/produkte/XLN97N6H/docmorris/ps420r/kytta-2-x-100-g-doppelpack-2x100-g-80024983-0-1714112432313800.jpeg"}}}},"width":420,"height":420}}}],"bestSeller":{"id":"6fee4fe5-caf4-485d-9e1a-a3a5808ec912","name":"DocMorris Apotheke","baseprice":"152,95 €/kg","hasStock":true,"savingsPercentageFormatted":"26%","prices":{"salesPrice":{"value":30.59,"formattedValue":"30,59 €"}}},"sellers":[],"badges":[]},{"code":"80025008","readableId":"G3VF5G4X","productId":"1b21135d-23a3-406c-a25d-840019c98b21","packagingSize":"3X100 g","quantity":null,"baseprice":"152,97 €/kg","slug":"kytta-3-x-100-g-dreierpack/80025008","url":"/kytta-3-x-100-g-dreierpack/80025008","available":true,"prices":{"salesPrice":{"value":45.89,"formattedValue":"45,89 €"},"recommendedRetailPrice":{"value":62.64,"formattedValue":"62,64 €"},"savings":{"value":16.75,"formattedValue":"16,75 €"},"bonus":{"value":0,"formattedValue":"0,00 €"},"maxRefundDifference":{"value":0,"formattedValue":"0,00 €"},"additionalPayment":{"value":0,"formattedValue":"0,00 €"},"savingsPercentageFormatted":null,"metadata":{"displayUVP":true,"displaySaving":true,"displayBonus":false}},"trafficChannel":null,"images":[{"variants":{"90":{"formats":{"webp":{"resolutions":{"1x":{"url":"https://statics.docmorris.de/static/produkte/G3VF5G4X/docmorris/ps90/kytta-3-x-100-g-dreierpack-3x100-g-80025008-0-1714112432467942.jpeg"},"2x":{"url":"https://statics.docmorris.de/static/produkte/G3VF5G4X/docmorris/ps90r/kytta-3-x-100-g-dreierpack-3x100-g-80025008-0-1714112432467942.jpeg"}}}},"width":90,"height":90},"300":{"formats":{"webp":{"resolutions":{"1x":{"url":"https://statics.docmorris.de/static/produkte/G3VF5G4X/docmorris/ps300/kytta-3-x-100-g-dreierpack-3x100-g-80025008-0-1714112432467942.jpeg"},"2x":{"url":"https://statics.docmorris.de/static/produkte/G3VF5G4X/docmorris/ps300r/kytta-3-x-100-g-dreierpack-3x100-g-80025008-0-1714112432467942.jpeg"}}}},"width":300,"height":300},"420":{"formats":{"webp":{"resolutions":{"1x":{"url":"https://statics.docmorris.de/static/produkte/G3VF5G4X/docmorris/ps420/kytta-3-x-100-g-dreierpack-3x100-g-80025008-0-1714112432467942.jpeg"},"2x":{"url":"https://statics.docmorris.de/static/produkte/G3VF5G4X/docmorris/ps420r/kytta-3-x-100-g-dreierpack-3x100-g-80025008-0-1714112432467942.jpeg"}}}},"width":420,"height":420}}}],"bestSeller":{"id":"6fee4fe5-caf4-485d-9e1a-a3a5808ec912","name":"DocMorris Apotheke","baseprice":"152,97 €/kg","hasStock":true,"savingsPercentageFormatted":"26%","prices":{"salesPrice":{"value":45.89,"formattedValue":"45,89 €"}}},"sellers":[],"badges":[]},{"code":"10832859","readableId":"FX54PC5Z","productId":"ba286045-366c-4ee3-8d3d-8d5d0375dfbd","packagingSize":"100 g","quantity":100,"baseprice":"169,90 €/kg","slug":"kytta-schmerzsalbe/10832859","url":"/kytta-schmerzsalbe/10832859","available":true,"prices":{"salesPrice":{"value":16.99,"formattedValue":"16,99 €"},"recommendedRetailPrice":{"value":20.88,"formattedValue":"20,88 €"},"savings":{"value":3.89,"formattedValue":"3,89 €"},"bonus":{"value":0,"formattedValue":"0,00 €"},"maxRefundDifference":{"value":0,"formattedValue":"0,00 €"},"additionalPayment":{"value":0,"formattedValue":"0,00 €"},"savingsPercentageFormatted":null,"metadata":{"displayUVP":true,"displaySaving":true,"displayBonus":false}},"trafficChannel":null,"images":[{"variants":{"90":{"formats":{"webp":{"resolutions":{"1x":{"url":"https://statics.docmorris.de/static/produkte/FX54PC5Z/docmorris/ps90/kytta-schmerzsalbe-100-g-10832859-0-1720620146618572.jpg"},"2x":{"url":"https://statics.docmorris.de/static/produkte/FX54PC5Z/docmorris/ps90r/kytta-schmerzsalbe-100-g-10832859-0-1720620146618572.jpg"}}}},"width":90,"height":90},"300":{"formats":{"webp":{"resolutions":{"1x":{"url":"https://statics.docmorris.de/static/produkte/FX54PC5Z/docmorris/ps300/kytta-schmerzsalbe-100-g-10832859-0-1720620146618572.jpg"},"2x":{"url":"https://statics.docmorris.de/static/produkte/FX54PC5Z/docmorris/ps300r/kytta-schmerzsalbe-100-g-10832859-0-1720620146618572.jpg"}}}},"width":300,"height":300},"420":{"formats":{"webp":{"resolutions":{"1x":{"url":"https://statics.docmorris.de/static/produkte/FX54PC5Z/docmorris/ps420/kytta-schmerzsalbe-100-g-10832859-0-1720620146618572.jpg"},"2x":{"url":"https://statics.docmorris.de/static/produkte/FX54PC5Z/docmorris/ps420r/kytta-schmerzsalbe-100-g-10832859-0-1720620146618572.jpg"}}}},"width":420,"height":420}}},{"variants":{"90":{"formats":{"webp":{"resolutions":{"1x":{"url":"https://statics.docmorris.de/static/produkte/FX54PC5Z/docmorris/ps90/kytta-schmerzsalbe-100-g-10832859-2-1720620147260480.jpeg"},"2x":{"url":"https://statics.docmorris.de/static/produkte/FX54PC5Z/docmorris/ps90r/kytta-schmerzsalbe-100-g-10832859-2-1720620147260480.jpeg"}}}},"width":90,"height":90},"300":{"formats":{"webp":{"resolutions":{"1x":{"url":"https://statics.docmorris.de/static/produkte/FX54PC5Z/docmorris/ps300/kytta-schmerzsalbe-100-g-10832859-2-1720620147260480.jpeg"},"2x":{"url":"https://statics.docmorris.de/static/produkte/FX54PC5Z/docmorris/ps300r/kytta-schmerzsalbe-100-g-10832859-2-1720620147260480.jpeg"}}}},"width":300,"height":300},"420":{"formats":{"webp":{"resolutions":{"1x":{"url":"https://statics.docmorris.de/static/produkte/FX54PC5Z/docmorris/ps420/kytta-schmerzsalbe-100-g-10832859-2-1720620147260480.jpeg"},"2x":{"url":"https://statics.docmorris.de/static/produkte/FX54PC5Z/docmorris/ps420r/kytta-schmerzsalbe-100-g-10832859-2-1720620147260480.jpeg"}}}},"width":420,"height":420}}},{"variants":{"90":{"formats":{"webp":{"resolutions":{"1x":{"url":"https://statics.docmorris.de/static/produkte/FX54PC5Z/docmorris/ps90/kytta-schmerzsalbe-100-g-10832859-3-1720620147563169.jpeg"},"2x":{"url":"https://statics.docmorris.de/static/produkte/FX54PC5Z/docmorris/ps90r/kytta-schmerzsalbe-100-g-10832859-3-1720620147563169.jpeg"}}}},"width":90,"height":90},"300":{"formats":{"webp":{"resolutions":{"1x":{"url":"https://statics.docmorris.de/static/produkte/FX54PC5Z/docmorris/ps300/kytta-schmerzsalbe-100-g-10832859-3-1720620147563169.jpeg"},"2x":{"url":"https://statics.docmorris.de/static/produkte/FX54PC5Z/docmorris/ps300r/kytta-schmerzsalbe-100-g-10832859-3-1720620147563169.jpeg"}}}},"width":300,"height":300},"420":{"formats":{"webp":{"resolutions":{"1x":{"url":"https://statics.docmorris.de/static/produkte/FX54PC5Z/docmorris/ps420/kytta-schmerzsalbe-100-g-10832859-3-1720620147563169.jpeg"},"2x":{"url":"https://statics.docmorris.de/static/produkte/FX54PC5Z/docmorris/ps420r/kytta-schmerzsalbe-100-g-10832859-3-1720620147563169.jpeg"}}}},"width":420,"height":420}}},{"variants":{"90":{"formats":{"webp":{"resolutions":{"1x":{"url":"https://statics.docmorris.de/static/produkte/FX54PC5Z/docmorris/ps90/kytta-schmerzsalbe-100-g-10832859-4-1720620147859757.jpeg"},"2x":{"url":"https://statics.docmorris.de/static/produkte/FX54PC5Z/docmorris/ps90r/kytta-schmerzsalbe-100-g-10832859-4-1720620147859757.jpeg"}}}},"width":90,"height":90},"300":{"formats":{"webp":{"resolutions":{"1x":{"url":"https://statics.docmorris.de/static/produkte/FX54PC5Z/docmorris/ps300/kytta-schmerzsalbe-100-g-10832859-4-1720620147859757.jpeg"},"2x":{"url":"https://statics.docmorris.de/static/produkte/FX54PC5Z/docmorris/ps300r/kytta-schmerzsalbe-100-g-10832859-4-1720620147859757.jpeg"}}}},"width":300,"height":300},"420":{"formats":{"webp":{"resolutions":{"1x":{"url":"https://statics.docmorris.de/static/produkte/FX54PC5Z/docmorris/ps420/kytta-schmerzsalbe-100-g-10832859-4-1720620147859757.jpeg"},"2x":{"url":"https://statics.docmorris.de/static/produkte/FX54PC5Z/docmorris/ps420r/kytta-schmerzsalbe-100-g-10832859-4-1720620147859757.jpeg"}}}},"width":420,"height":420}}},{"variants":{"90":{"formats":{"webp":{"resolutions":{"1x":{"url":"https://statics.docmorris.de/static/produkte/FX54PC5Z/docmorris/ps90/kytta-schmerzsalbe-100-g-10832859-5-1720620148152830.jpeg"},"2x":{"url":"https://statics.docmorris.de/static/produkte/FX54PC5Z/docmorris/ps90r/kytta-schmerzsalbe-100-g-10832859-5-1720620148152830.jpeg"}}}},"width":90,"height":90},"300":{"formats":{"webp":{"resolutions":{"1x":{"url":"https://statics.docmorris.de/static/produkte/FX54PC5Z/docmorris/ps300/kytta-schmerzsalbe-100-g-10832859-5-1720620148152830.jpeg"},"2x":{"url":"https://statics.docmorris.de/static/produkte/FX54PC5Z/docmorris/ps300r/kytta-schmerzsalbe-100-g-10832859-5-1720620148152830.jpeg"}}}},"width":300,"height":300},"420":{"formats":{"webp":{"resolutions":{"1x":{"url":"https://statics.docmorris.de/static/produkte/FX54PC5Z/docmorris/ps420/kytta-schmerzsalbe-100-g-10832859-5-1720620148152830.jpeg"},"2x":{"url":"https://statics.docmorris.de/static/produkte/FX54PC5Z/docmorris/ps420r/kytta-schmerzsalbe-100-g-10832859-5-1720620148152830.jpeg"}}}},"width":420,"height":420}}},{"variants":{"90":{"formats":{"webp":{"resolutions":{"1x":{"url":"https://statics.docmorris.de/static/produkte/FX54PC5Z/docmorris/ps90/kytta-schmerzsalbe-100-g-10832859-6-1720620148424728.jpeg"},"2x":{"url":"https://statics.docmorris.de/static/produkte/FX54PC5Z/docmorris/ps90r/kytta-schmerzsalbe-100-g-10832859-6-1720620148424728.jpeg"}}}},"width":90,"height":90},"300":{"formats":{"webp":{"resolutions":{"1x":{"url":"https://statics.docmorris.de/static/produkte/FX54PC5Z/docmorris/ps300/kytta-schmerzsalbe-100-g-10832859-6-1720620148424728.jpeg"},"2x":{"url":"https://statics.docmorris.de/static/produkte/FX54PC5Z/docmorris/ps300r/kytta-schmerzsalbe-100-g-10832859-6-1720620148424728.jpeg"}}}},"width":300,"height":300},"420":{"formats":{"webp":{"resolutions":{"1x":{"url":"https://statics.docmorris.de/static/produkte/FX54PC5Z/docmorris/ps420/kytta-schmerzsalbe-100-g-10832859-6-1720620148424728.jpeg"},"2x":{"url":"https://statics.docmorris.de/static/produkte/FX54PC5Z/docmorris/ps420r/kytta-schmerzsalbe-100-g-10832859-6-1720620148424728.jpeg"}}}},"width":420,"height":420}}},{"variants":{"90":{"formats":{"webp":{"resolutions":{"1x":{"url":"https://statics.docmorris.de/static/produkte/FX54PC5Z/docmorris/ps90/kytta-schmerzsalbe-100-g-10832859-7-1720620148686239.jpeg"},"2x":{"url":"https://statics.docmorris.de/static/produkte/FX54PC5Z/docmorris/ps90r/kytta-schmerzsalbe-100-g-10832859-7-1720620148686239.jpeg"}}}},"width":90,"height":90},"300":{"formats":{"webp":{"resolutions":{"1x":{"url":"https://statics.docmorris.de/static/produkte/FX54PC5Z/docmorris/ps300/kytta-schmerzsalbe-100-g-10832859-7-1720620148686239.jpeg"},"2x":{"url":"https://statics.docmorris.de/static/produkte/FX54PC5Z/docmorris/ps300r/kytta-schmerzsalbe-100-g-10832859-7-1720620148686239.jpeg"}}}},"width":300,"height":300},"420":{"formats":{"webp":{"resolutions":{"1x":{"url":"https://statics.docmorris.de/static/produkte/FX54PC5Z/docmorris/ps420/kytta-schmerzsalbe-100-g-10832859-7-1720620148686239.jpeg"},"2x":{"url":"https://statics.docmorris.de/static/produkte/FX54PC5Z/docmorris/ps420r/kytta-schmerzsalbe-100-g-10832859-7-1720620148686239.jpeg"}}}},"width":420,"height":420}}}],"bestSeller":{"id":"6fee4fe5-caf4-485d-9e1a-a3a5808ec912","name":"DocMorris Apotheke","baseprice":"169,90 €/kg","hasStock":true,"savingsPercentageFormatted":"18%","prices":{"salesPrice":{"value":16.99,"formattedValue":"16,99 €"}}},"sellers":[],"badges":[]},{"code":"10832842","readableId":"FX5KVV70","productId":"95861f01-e53a-46ca-b031-7902588c0b1e","packagingSize":"50 g","quantity":50,"baseprice":"175,80 €/kg","slug":"kytta-schmerzsalbe/10832842","url":"/kytta-schmerzsalbe/10832842","available":true,"prices":{"salesPrice":{"value":8.79,"formattedValue":"8,79 €"},"recommendedRetailPrice":{"value":11.28,"formattedValue":"11,28 €"},"savings":{"value":2.49,"formattedValue":"2,49 €"},"bonus":{"value":0,"formattedValue":"0,00 €"},"maxRefundDifference":{"value":0,"formattedValue":"0,00 €"},"additionalPayment":{"value":0,"formattedValue":"0,00 €"},"savingsPercentageFormatted":null,"metadata":{"displayUVP":true,"displaySaving":true,"displayBonus":false}},"trafficChannel":null,"images":[{"variants":{"90":{"formats":{"webp":{"resolutions":{"1x":{"url":"https://statics.docmorris.de/static/produkte/FX5KVV70/docmorris/ps90/kytta-schmerzsalbe-50-g-10832842-0-1720620174873199.jpg"},"2x":{"url":"https://statics.docmorris.de/static/produkte/FX5KVV70/docmorris/ps90r/kytta-schmerzsalbe-50-g-10832842-0-1720620174873199.jpg"}}}},"width":90,"height":90},"300":{"formats":{"webp":{"resolutions":{"1x":{"url":"https://statics.docmorris.de/static/produkte/FX5KVV70/docmorris/ps300/kytta-schmerzsalbe-50-g-10832842-0-1720620174873199.jpg"},"2x":{"url":"https://statics.docmorris.de/static/produkte/FX5KVV70/docmorris/ps300r/kytta-schmerzsalbe-50-g-10832842-0-1720620174873199.jpg"}}}},"width":300,"height":300},"420":{"formats":{"webp":{"resolutions":{"1x":{"url":"https://statics.docmorris.de/static/produkte/FX5KVV70/docmorris/ps420/kytta-schmerzsalbe-50-g-10832842-0-1720620174873199.jpg"},"2x":{"url":"https://statics.docmorris.de/static/produkte/FX5KVV70/docmorris/ps420r/kytta-schmerzsalbe-50-g-10832842-0-1720620174873199.jpg"}}}},"width":420,"height":420}}},{"variants":{"90":{"formats":{"webp":{"resolutions":{"1x":{"url":"https://statics.docmorris.de/static/produkte/FX5KVV70/docmorris/ps90/kytta-schmerzsalbe-50-g-10832842-2-1720620175462903.jpeg"},"2x":{"url":"https://statics.docmorris.de/static/produkte/FX5KVV70/docmorris/ps90r/kytta-schmerzsalbe-50-g-10832842-2-1720620175462903.jpeg"}}}},"width":90,"height":90},"300":{"formats":{"webp":{"resolutions":{"1x":{"url":"https://statics.docmorris.de/static/produkte/FX5KVV70/docmorris/ps300/kytta-schmerzsalbe-50-g-10832842-2-1720620175462903.jpeg"},"2x":{"url":"https://statics.docmorris.de/static/produkte/FX5KVV70/docmorris/ps300r/kytta-schmerzsalbe-50-g-10832842-2-1720620175462903.jpeg"}}}},"width":300,"height":300},"420":{"formats":{"webp":{"resolutions":{"1x":{"url":"https://statics.docmorris.de/static/produkte/FX5KVV70/docmorris/ps420/kytta-schmerzsalbe-50-g-10832842-2-1720620175462903.jpeg"},"2x":{"url":"https://statics.docmorris.de/static/produkte/FX5KVV70/docmorris/ps420r/kytta-schmerzsalbe-50-g-10832842-2-1720620175462903.jpeg"}}}},"width":420,"height":420}}},{"variants":{"90":{"formats":{"webp":{"resolutions":{"1x":{"url":"https://statics.docmorris.de/static/produkte/FX5KVV70/docmorris/ps90/kytta-schmerzsalbe-50-g-10832842-3-1720620175722729.jpeg"},"2x":{"url":"https://statics.docmorris.de/static/produkte/FX5KVV70/docmorris/ps90r/kytta-schmerzsalbe-50-g-10832842-3-1720620175722729.jpeg"}}}},"width":90,"height":90},"300":{"formats":{"webp":{"resolutions":{"1x":{"url":"https://statics.docmorris.de/static/produkte/FX5KVV70/docmorris/ps300/kytta-schmerzsalbe-50-g-10832842-3-1720620175722729.jpeg"},"2x":{"url":"https://statics.docmorris.de/static/produkte/FX5KVV70/docmorris/ps300r/kytta-schmerzsalbe-50-g-10832842-3-1720620175722729.jpeg"}}}},"width":300,"height":300},"420":{"formats":{"webp":{"resolutions":{"1x":{"url":"https://statics.docmorris.de/static/produkte/FX5KVV70/docmorris/ps420/kytta-schmerzsalbe-50-g-10832842-3-1720620175722729.jpeg"},"2x":{"url":"https://statics.docmorris.de/static/produkte/FX5KVV70/docmorris/ps420r/kytta-schmerzsalbe-50-g-10832842-3-1720620175722729.jpeg"}}}},"width":420,"height":420}}},{"variants":{"90":{"formats":{"webp":{"resolutions":{"1x":{"url":"https://statics.docmorris.de/static/produkte/FX5KVV70/docmorris/ps90/kytta-schmerzsalbe-50-g-10832842-4-1720620176043270.jpeg"},"2x":{"url":"https://statics.docmorris.de/static/produkte/FX5KVV70/docmorris/ps90r/kytta-schmerzsalbe-50-g-10832842-4-1720620176043270.jpeg"}}}},"width":90,"height":90},"300":{"formats":{"webp":{"resolutions":{"1x":{"url":"https://statics.docmorris.de/static/produkte/FX5KVV70/docmorris/ps300/kytta-schmerzsalbe-50-g-10832842-4-1720620176043270.jpeg"},"2x":{"url":"https://statics.docmorris.de/static/produkte/FX5KVV70/docmorris/ps300r/kytta-schmerzsalbe-50-g-10832842-4-1720620176043270.jpeg"}}}},"width":300,"height":300},"420":{"formats":{"webp":{"resolutions":{"1x":{"url":"https://statics.docmorris.de/static/produkte/FX5KVV70/docmorris/ps420/kytta-schmerzsalbe-50-g-10832842-4-1720620176043270.jpeg"},"2x":{"url":"https://statics.docmorris.de/static/produkte/FX5KVV70/docmorris/ps420r/kytta-schmerzsalbe-50-g-10832842-4-1720620176043270.jpeg"}}}},"width":420,"height":420}}},{"variants":{"90":{"formats":{"webp":{"resolutions":{"1x":{"url":"https://statics.docmorris.de/static/produkte/FX5KVV70/docmorris/ps90/kytta-schmerzsalbe-50-g-10832842-5-1720620176324580.jpeg"},"2x":{"url":"https://statics.docmorris.de/static/produkte/FX5KVV70/docmorris/ps90r/kytta-schmerzsalbe-50-g-10832842-5-1720620176324580.jpeg"}}}},"width":90,"height":90},"300":{"formats":{"webp":{"resolutions":{"1x":{"url":"https://statics.docmorris.de/static/produkte/FX5KVV70/docmorris/ps300/kytta-schmerzsalbe-50-g-10832842-5-1720620176324580.jpeg"},"2x":{"url":"https://statics.docmorris.de/static/produkte/FX5KVV70/docmorris/ps300r/kytta-schmerzsalbe-50-g-10832842-5-1720620176324580.jpeg"}}}},"width":300,"height":300},"420":{"formats":{"webp":{"resolutions":{"1x":{"url":"https://statics.docmorris.de/static/produkte/FX5KVV70/docmorris/ps420/kytta-schmerzsalbe-50-g-10832842-5-1720620176324580.jpeg"},"2x":{"url":"https://statics.docmorris.de/static/produkte/FX5KVV70/docmorris/ps420r/kytta-schmerzsalbe-50-g-10832842-5-1720620176324580.jpeg"}}}},"width":420,"height":420}}},{"variants":{"90":{"formats":{"webp":{"resolutions":{"1x":{"url":"https://statics.docmorris.de/static/produkte/FX5KVV70/docmorris/ps90/kytta-schmerzsalbe-50-g-10832842-6-1720620176576025.jpeg"},"2x":{"url":"https://statics.docmorris.de/static/produkte/FX5KVV70/docmorris/ps90r/kytta-schmerzsalbe-50-g-10832842-6-1720620176576025.jpeg"}}}},"width":90,"height":90},"300":{"formats":{"webp":{"resolutions":{"1x":{"url":"https://statics.docmorris.de/static/produkte/FX5KVV70/docmorris/ps300/kytta-schmerzsalbe-50-g-10832842-6-1720620176576025.jpeg"},"2x":{"url":"https://statics.docmorris.de/static/produkte/FX5KVV70/docmorris/ps300r/kytta-schmerzsalbe-50-g-10832842-6-1720620176576025.jpeg"}}}},"width":300,"height":300},"420":{"formats":{"webp":{"resolutions":{"1x":{"url":"https://statics.docmorris.de/static/produkte/FX5KVV70/docmorris/ps420/kytta-schmerzsalbe-50-g-10832842-6-1720620176576025.jpeg"},"2x":{"url":"https://statics.docmorris.de/static/produkte/FX5KVV70/docmorris/ps420r/kytta-schmerzsalbe-50-g-10832842-6-1720620176576025.jpeg"}}}},"width":420,"height":420}}},{"variants":{"90":{"formats":{"webp":{"resolutions":{"1x":{"url":"https://statics.docmorris.de/static/produkte/FX5KVV70/docmorris/ps90/kytta-schmerzsalbe-50-g-10832842-7-1720620176788053.jpeg"},"2x":{"url":"https://statics.docmorris.de/static/produkte/FX5KVV70/docmorris/ps90r/kytta-schmerzsalbe-50-g-10832842-7-1720620176788053.jpeg"}}}},"width":90,"height":90},"300":{"formats":{"webp":{"resolutions":{"1x":{"url":"https://statics.docmorris.de/static/produkte/FX5KVV70/docmorris/ps300/kytta-schmerzsalbe-50-g-10832842-7-1720620176788053.jpeg"},"2x":{"url":"https://statics.docmorris.de/static/produkte/FX5KVV70/docmorris/ps300r/kytta-schmerzsalbe-50-g-10832842-7-1720620176788053.jpeg"}}}},"width":300,"height":300},"420":{"formats":{"webp":{"resolutions":{"1x":{"url":"https://statics.docmorris.de/static/produkte/FX5KVV70/docmorris/ps420/kytta-schmerzsalbe-50-g-10832842-7-1720620176788053.jpeg"},"2x":{"url":"https://statics.docmorris.de/static/produkte/FX5KVV70/docmorris/ps420r/kytta-schmerzsalbe-50-g-10832842-7-1720620176788053.jpeg"}}}},"width":420,"height":420}}}],"bestSeller":{"id":"6fee4fe5-caf4-485d-9e1a-a3a5808ec912","name":"DocMorris Apotheke","baseprice":"175,80 €/kg","hasStock":true,"savingsPercentageFormatted":"22%","prices":{"salesPrice":{"value":8.79,"formattedValue":"8,79 €"}}},"sellers":[],"badges":[]},{"code":"08019654","readableId":"3M0Y0Y3N","productId":"0f4a061c-f598-42d8-a4a5-a1e856eef3b1","packagingSize":"2 St","quantity":2,"baseprice":"17,10 €/St","slug":"kytta-schmerzsalbe-sparset-2-x-150g/08019654","url":"/kytta-schmerzsalbe-sparset-2-x-150g/08019654","available":true,"prices":{"salesPrice":{"value":34.19,"formattedValue":"34,19 €"},"recommendedRetailPrice":{"value":55.98,"formattedValue":"55,98 €"},"savings":{"value":21.79,"formattedValue":"21,79 €"},"bonus":{"value":0,"formattedValue":"0,00 €"},"maxRefundDifference":{"value":0,"formattedValue":"0,00 €"},"additionalPayment":{"value":0,"formattedValue":"0,00 €"},"savingsPercentageFormatted":null,"metadata":{"displayUVP":true,"displaySaving":true,"displayBonus":false}},"trafficChannel":null,"images":[{"variants":{"90":{"formats":{"webp":{"resolutions":{"1x":{"url":"https://statics.docmorris.de/static/produkte/3M0Y0Y3N/docmorris/ps90/kytta-schmerzsalbe-sparset-2-x-150g-2-st-08019654-0-1714032047950752.jpeg"},"2x":{"url":"https://statics.docmorris.de/static/produkte/3M0Y0Y3N/docmorris/ps90r/kytta-schmerzsalbe-sparset-2-x-150g-2-st-08019654-0-1714032047950752.jpeg"}}}},"width":90,"height":90},"300":{"formats":{"webp":{"resolutions":{"1x":{"url":"https://statics.docmorris.de/static/produkte/3M0Y0Y3N/docmorris/ps300/kytta-schmerzsalbe-sparset-2-x-150g-2-st-08019654-0-1714032047950752.jpeg"},"2x":{"url":"https://statics.docmorris.de/static/produkte/3M0Y0Y3N/docmorris/ps300r/kytta-schmerzsalbe-sparset-2-x-150g-2-st-08019654-0-1714032047950752.jpeg"}}}},"width":300,"height":300},"420":{"formats":{"webp":{"resolutions":{"1x":{"url":"https://statics.docmorris.de/static/produkte/3M0Y0Y3N/docmorris/ps420/kytta-schmerzsalbe-sparset-2-x-150g-2-st-08019654-0-1714032047950752.jpeg"},"2x":{"url":"https://statics.docmorris.de/static/produkte/3M0Y0Y3N/docmorris/ps420r/kytta-schmerzsalbe-sparset-2-x-150g-2-st-08019654-0-1714032047950752.jpeg"}}}},"width":420,"height":420}}}],"bestSeller":{"id":"6fee4fe5-caf4-485d-9e1a-a3a5808ec912","name":"DocMorris Apotheke","baseprice":"17,10 €/St","hasStock":true,"savingsPercentageFormatted":"38%","prices":{"salesPrice":{"value":34.19,"formattedValue":"34,19 €"}}},"sellers":[],"badges":[]}],"ZZB":[{"code":"10832865","readableId":"FX5UP389","productId":"722c92b9-f4ba-4ffb-8bad-efdda3d39171","packagingSize":"150 g","quantity":150,"baseprice":"126,60 €/kg","slug":"kytta-schmerzsalbe/10832865","url":"/kytta-schmerzsalbe/10832865","available":true,"prices":{"salesPrice":{"value":0,"formattedValue":"0,00 €"},"recommendedRetailPrice":{"value":27.99,"formattedValue":"27,99 €"},"savings":null,"bonus":{"value":0,"formattedValue":"0,00 €"},"maxRefundDifference":{"value":0,"formattedValue":"0,00 €"},"additionalPayment":{"value":5,"formattedValue":"5,00 €"},"savingsPercentageFormatted":null,"metadata":{"displayUVP":true,"displaySaving":true,"displayBonus":false}},"trafficChannel":null,"images":[{"variants":{"90":{"formats":{"webp":{"resolutions":{"1x":{"url":"https://statics.docmorris.de/static/produkte/FX5UP389/docmorris/ps90/kytta-schmerzsalbe-150-g-10832865-0-1720620118087441.jpg"},"2x":{"url":"https://statics.docmorris.de/static/produkte/FX5UP389/docmorris/ps90r/kytta-schmerzsalbe-150-g-10832865-0-1720620118087441.jpg"}}}},"width":90,"height":90},"300":{"formats":{"webp":{"resolutions":{"1x":{"url":"https://statics.docmorris.de/static/produkte/FX5UP389/docmorris/ps300/kytta-schmerzsalbe-150-g-10832865-0-1720620118087441.jpg"},"2x":{"url":"https://statics.docmorris.de/static/produkte/FX5UP389/docmorris/ps300r/kytta-schmerzsalbe-150-g-10832865-0-1720620118087441.jpg"}}}},"width":300,"height":300},"420":{"formats":{"webp":{"resolutions":{"1x":{"url":"https://statics.docmorris.de/static/produkte/FX5UP389/docmorris/ps420/kytta-schmerzsalbe-150-g-10832865-0-1720620118087441.jpg"},"2x":{"url":"https://statics.docmorris.de/static/produkte/FX5UP389/docmorris/ps420r/kytta-schmerzsalbe-150-g-10832865-0-1720620118087441.jpg"}}}},"width":420,"height":420}}},{"variants":{"90":{"formats":{"webp":{"resolutions":{"1x":{"url":"https://statics.docmorris.de/static/produkte/FX5UP389/docmorris/ps90/kytta-schmerzsalbe-150-g-10832865-2-1720620118721051.jpeg"},"2x":{"url":"https://statics.docmorris.de/static/produkte/FX5UP389/docmorris/ps90r/kytta-schmerzsalbe-150-g-10832865-2-1720620118721051.jpeg"}}}},"width":90,"height":90},"300":{"formats":{"webp":{"resolutions":{"1x":{"url":"https://statics.docmorris.de/static/produkte/FX5UP389/docmorris/ps300/kytta-schmerzsalbe-150-g-10832865-2-1720620118721051.jpeg"},"2x":{"url":"https://statics.docmorris.de/static/produkte/FX5UP389/docmorris/ps300r/kytta-schmerzsalbe-150-g-10832865-2-1720620118721051.jpeg"}}}},"width":300,"height":300},"420":{"formats":{"webp":{"resolutions":{"1x":{"url":"https://statics.docmorris.de/static/produkte/FX5UP389/docmorris/ps420/kytta-schmerzsalbe-150-g-10832865-2-1720620118721051.jpeg"},"2x":{"url":"https://statics.docmorris.de/static/produkte/FX5UP389/docmorris/ps420r/kytta-schmerzsalbe-150-g-10832865-2-1720620118721051.jpeg"}}}},"width":420,"height":420}}},{"variants":{"90":{"formats":{"webp":{"resolutions":{"1x":{"url":"https://statics.docmorris.de/static/produkte/FX5UP389/docmorris/ps90/kytta-schmerzsalbe-150-g-10832865-3-1720620118989838.jpeg"},"2x":{"url":"https://statics.docmorris.de/static/produkte/FX5UP389/docmorris/ps90r/kytta-schmerzsalbe-150-g-10832865-3-1720620118989838.jpeg"}}}},"width":90,"height":90},"300":{"formats":{"webp":{"resolutions":{"1x":{"url":"https://statics.docmorris.de/static/produkte/FX5UP389/docmorris/ps300/kytta-schmerzsalbe-150-g-10832865-3-1720620118989838.jpeg"},"2x":{"url":"https://statics.docmorris.de/static/produkte/FX5UP389/docmorris/ps300r/kytta-schmerzsalbe-150-g-10832865-3-1720620118989838.jpeg"}}}},"width":300,"height":300},"420":{"formats":{"webp":{"resolutions":{"1x":{"url":"https://statics.docmorris.de/static/produkte/FX5UP389/docmorris/ps420/kytta-schmerzsalbe-150-g-10832865-3-1720620118989838.jpeg"},"2x":{"url":"https://statics.docmorris.de/static/produkte/FX5UP389/docmorris/ps420r/kytta-schmerzsalbe-150-g-10832865-3-1720620118989838.jpeg"}}}},"width":420,"height":420}}},{"variants":{"90":{"formats":{"webp":{"resolutions":{"1x":{"url":"https://statics.docmorris.de/static/produkte/FX5UP389/docmorris/ps90/kytta-schmerzsalbe-150-g-10832865-4-1720620119264784.jpeg"},"2x":{"url":"https://statics.docmorris.de/static/produkte/FX5UP389/docmorris/ps90r/kytta-schmerzsalbe-150-g-10832865-4-1720620119264784.jpeg"}}}},"width":90,"height":90},"300":{"formats":{"webp":{"resolutions":{"1x":{"url":"https://statics.docmorris.de/static/produkte/FX5UP389/docmorris/ps300/kytta-schmerzsalbe-150-g-10832865-4-1720620119264784.jpeg"},"2x":{"url":"https://statics.docmorris.de/static/produkte/FX5UP389/docmorris/ps300r/kytta-schmerzsalbe-150-g-10832865-4-1720620119264784.jpeg"}}}},"width":300,"height":300},"420":{"formats":{"webp":{"resolutions":{"1x":{"url":"https://statics.docmorris.de/static/produkte/FX5UP389/docmorris/ps420/kytta-schmerzsalbe-150-g-10832865-4-1720620119264784.jpeg"},"2x":{"url":"https://statics.docmorris.de/static/produkte/FX5UP389/docmorris/ps420r/kytta-schmerzsalbe-150-g-10832865-4-1720620119264784.jpeg"}}}},"width":420,"height":420}}},{"variants":{"90":{"formats":{"webp":{"resolutions":{"1x":{"url":"https://statics.docmorris.de/static/produkte/FX5UP389/docmorris/ps90/kytta-schmerzsalbe-150-g-10832865-5-1720620119632811.jpeg"},"2x":{"url":"https://statics.docmorris.de/static/produkte/FX5UP389/docmorris/ps90r/kytta-schmerzsalbe-150-g-10832865-5-1720620119632811.jpeg"}}}},"width":90,"height":90},"300":{"formats":{"webp":{"resolutions":{"1x":{"url":"https://statics.docmorris.de/static/produkte/FX5UP389/docmorris/ps300/kytta-schmerzsalbe-150-g-10832865-5-1720620119632811.jpeg"},"2x":{"url":"https://statics.docmorris.de/static/produkte/FX5UP389/docmorris/ps300r/kytta-schmerzsalbe-150-g-10832865-5-1720620119632811.jpeg"}}}},"width":300,"height":300},"420":{"formats":{"webp":{"resolutions":{"1x":{"url":"https://statics.docmorris.de/static/produkte/FX5UP389/docmorris/ps420/kytta-schmerzsalbe-150-g-10832865-5-1720620119632811.jpeg"},"2x":{"url":"https://statics.docmorris.de/static/produkte/FX5UP389/docmorris/ps420r/kytta-schmerzsalbe-150-g-10832865-5-1720620119632811.jpeg"}}}},"width":420,"height":420}}},{"variants":{"90":{"formats":{"webp":{"resolutions":{"1x":{"url":"https://statics.docmorris.de/static/produkte/FX5UP389/docmorris/ps90/kytta-schmerzsalbe-150-g-10832865-6-1720620119915471.jpeg"},"2x":{"url":"https://statics.docmorris.de/static/produkte/FX5UP389/docmorris/ps90r/kytta-schmerzsalbe-150-g-10832865-6-1720620119915471.jpeg"}}}},"width":90,"height":90},"300":{"formats":{"webp":{"resolutions":{"1x":{"url":"https://statics.docmorris.de/static/produkte/FX5UP389/docmorris/ps300/kytta-schmerzsalbe-150-g-10832865-6-1720620119915471.jpeg"},"2x":{"url":"https://statics.docmorris.de/static/produkte/FX5UP389/docmorris/ps300r/kytta-schmerzsalbe-150-g-10832865-6-1720620119915471.jpeg"}}}},"width":300,"height":300},"420":{"formats":{"webp":{"resolutions":{"1x":{"url":"https://statics.docmorris.de/static/produkte/FX5UP389/docmorris/ps420/kytta-schmerzsalbe-150-g-10832865-6-1720620119915471.jpeg"},"2x":{"url":"https://statics.docmorris.de/static/produkte/FX5UP389/docmorris/ps420r/kytta-schmerzsalbe-150-g-10832865-6-1720620119915471.jpeg"}}}},"width":420,"height":420}}},{"variants":{"90":{"formats":{"webp":{"resolutions":{"1x":{"url":"https://statics.docmorris.de/static/produkte/FX5UP389/docmorris/ps90/kytta-schmerzsalbe-150-g-10832865-7-1720620120183847.jpeg"},"2x":{"url":"https://statics.docmorris.de/static/produkte/FX5UP389/docmorris/ps90r/kytta-schmerzsalbe-150-g-10832865-7-1720620120183847.jpeg"}}}},"width":90,"height":90},"300":{"formats":{"webp":{"resolutions":{"1x":{"url":"https://statics.docmorris.de/static/produkte/FX5UP389/docmorris/ps300/kytta-schmerzsalbe-150-g-10832865-7-1720620120183847.jpeg"},"2x":{"url":"https://statics.docmorris.de/static/produkte/FX5UP389/docmorris/ps300r/kytta-schmerzsalbe-150-g-10832865-7-1720620120183847.jpeg"}}}},"width":300,"height":300},"420":{"formats":{"webp":{"resolutions":{"1x":{"url":"https://statics.docmorris.de/static/produkte/FX5UP389/docmorris/ps420/kytta-schmerzsalbe-150-g-10832865-7-1720620120183847.jpeg"},"2x":{"url":"https://statics.docmorris.de/static/produkte/FX5UP389/docmorris/ps420r/kytta-schmerzsalbe-150-g-10832865-7-1720620120183847.jpeg"}}}},"width":420,"height":420}}}],"bestSeller":{"id":"6fee4fe5-caf4-485d-9e1a-a3a5808ec912","name":"DocMorris Apotheke","baseprice":"126,60 €/kg","hasStock":true,"savingsPercentageFormatted":"32%","prices":{"salesPrice":{"value":18.99,"formattedValue":"18,99 €"}}},"sellers":[],"badges":[]},{"code":"10832859","readableId":"FX54PC5Z","productId":"ba286045-366c-4ee3-8d3d-8d5d0375dfbd","packagingSize":"100 g","quantity":100,"baseprice":"169,90 €/kg","slug":"kytta-schmerzsalbe/10832859","url":"/kytta-schmerzsalbe/10832859","available":true,"prices":{"salesPrice":{"value":0,"formattedValue":"0,00 €"},"recommendedRetailPrice":{"value":20.88,"formattedValue":"20,88 €"},"savings":null,"bonus":{"value":0,"formattedValue":"0,00 €"},"maxRefundDifference":{"value":0,"formattedValue":"0,00 €"},"additionalPayment":{"value":5,"formattedValue":"5,00 €"},"savingsPercentageFormatted":null,"metadata":{"displayUVP":true,"displaySaving":true,"displayBonus":false}},"trafficChannel":null,"images":[{"variants":{"90":{"formats":{"webp":{"resolutions":{"1x":{"url":"https://statics.docmorris.de/static/produkte/FX54PC5Z/docmorris/ps90/kytta-schmerzsalbe-100-g-10832859-0-1720620146618572.jpg"},"2x":{"url":"https://statics.docmorris.de/static/produkte/FX54PC5Z/docmorris/ps90r/kytta-schmerzsalbe-100-g-10832859-0-1720620146618572.jpg"}}}},"width":90,"height":90},"300":{"formats":{"webp":{"resolutions":{"1x":{"url":"https://statics.docmorris.de/static/produkte/FX54PC5Z/docmorris/ps300/kytta-schmerzsalbe-100-g-10832859-0-1720620146618572.jpg"},"2x":{"url":"https://statics.docmorris.de/static/produkte/FX54PC5Z/docmorris/ps300r/kytta-schmerzsalbe-100-g-10832859-0-1720620146618572.jpg"}}}},"width":300,"height":300},"420":{"formats":{"webp":{"resolutions":{"1x":{"url":"https://statics.docmorris.de/static/produkte/FX54PC5Z/docmorris/ps420/kytta-schmerzsalbe-100-g-10832859-0-1720620146618572.jpg"},"2x":{"url":"https://statics.docmorris.de/static/produkte/FX54PC5Z/docmorris/ps420r/kytta-schmerzsalbe-100-g-10832859-0-1720620146618572.jpg"}}}},"width":420,"height":420}}},{"variants":{"90":{"formats":{"webp":{"resolutions":{"1x":{"url":"https://statics.docmorris.de/static/produkte/FX54PC5Z/docmorris/ps90/kytta-schmerzsalbe-100-g-10832859-2-1720620147260480.jpeg"},"2x":{"url":"https://statics.docmorris.de/static/produkte/FX54PC5Z/docmorris/ps90r/kytta-schmerzsalbe-100-g-10832859-2-1720620147260480.jpeg"}}}},"width":90,"height":90},"300":{"formats":{"webp":{"resolutions":{"1x":{"url":"https://statics.docmorris.de/static/produkte/FX54PC5Z/docmorris/ps300/kytta-schmerzsalbe-100-g-10832859-2-1720620147260480.jpeg"},"2x":{"url":"https://statics.docmorris.de/static/produkte/FX54PC5Z/docmorris/ps300r/kytta-schmerzsalbe-100-g-10832859-2-1720620147260480.jpeg"}}}},"width":300,"height":300},"420":{"formats":{"webp":{"resolutions":{"1x":{"url":"https://statics.docmorris.de/static/produkte/FX54PC5Z/docmorris/ps420/kytta-schmerzsalbe-100-g-10832859-2-1720620147260480.jpeg"},"2x":{"url":"https://statics.docmorris.de/static/produkte/FX54PC5Z/docmorris/ps420r/kytta-schmerzsalbe-100-g-10832859-2-1720620147260480.jpeg"}}}},"width":420,"height":420}}},{"variants":{"90":{"formats":{"webp":{"resolutions":{"1x":{"url":"https://statics.docmorris.de/static/produkte/FX54PC5Z/docmorris/ps90/kytta-schmerzsalbe-100-g-10832859-3-1720620147563169.jpeg"},"2x":{"url":"https://statics.docmorris.de/static/produkte/FX54PC5Z/docmorris/ps90r/kytta-schmerzsalbe-100-g-10832859-3-1720620147563169.jpeg"}}}},"width":90,"height":90},"300":{"formats":{"webp":{"resolutions":{"1x":{"url":"https://statics.docmorris.de/static/produkte/FX54PC5Z/docmorris/ps300/kytta-schmerzsalbe-100-g-10832859-3-1720620147563169.jpeg"},"2x":{"url":"https://statics.docmorris.de/static/produkte/FX54PC5Z/docmorris/ps300r/kytta-schmerzsalbe-100-g-10832859-3-1720620147563169.jpeg"}}}},"width":300,"height":300},"420":{"formats":{"webp":{"resolutions":{"1x":{"url":"https://statics.docmorris.de/static/produkte/FX54PC5Z/docmorris/ps420/kytta-schmerzsalbe-100-g-10832859-3-1720620147563169.jpeg"},"2x":{"url":"https://statics.docmorris.de/static/produkte/FX54PC5Z/docmorris/ps420r/kytta-schmerzsalbe-100-g-10832859-3-1720620147563169.jpeg"}}}},"width":420,"height":420}}},{"variants":{"90":{"formats":{"webp":{"resolutions":{"1x":{"url":"https://statics.docmorris.de/static/produkte/FX54PC5Z/docmorris/ps90/kytta-schmerzsalbe-100-g-10832859-4-1720620147859757.jpeg"},"2x":{"url":"https://statics.docmorris.de/static/produkte/FX54PC5Z/docmorris/ps90r/kytta-schmerzsalbe-100-g-10832859-4-1720620147859757.jpeg"}}}},"width":90,"height":90},"300":{"formats":{"webp":{"resolutions":{"1x":{"url":"https://statics.docmorris.de/static/produkte/FX54PC5Z/docmorris/ps300/kytta-schmerzsalbe-100-g-10832859-4-1720620147859757.jpeg"},"2x":{"url":"https://statics.docmorris.de/static/produkte/FX54PC5Z/docmorris/ps300r/kytta-schmerzsalbe-100-g-10832859-4-1720620147859757.jpeg"}}}},"width":300,"height":300},"420":{"formats":{"webp":{"resolutions":{"1x":{"url":"https://statics.docmorris.de/static/produkte/FX54PC5Z/docmorris/ps420/kytta-schmerzsalbe-100-g-10832859-4-1720620147859757.jpeg"},"2x":{"url":"https://statics.docmorris.de/static/produkte/FX54PC5Z/docmorris/ps420r/kytta-schmerzsalbe-100-g-10832859-4-1720620147859757.jpeg"}}}},"width":420,"height":420}}},{"variants":{"90":{"formats":{"webp":{"resolutions":{"1x":{"url":"https://statics.docmorris.de/static/produkte/FX54PC5Z/docmorris/ps90/kytta-schmerzsalbe-100-g-10832859-5-1720620148152830.jpeg"},"2x":{"url":"https://statics.docmorris.de/static/produkte/FX54PC5Z/docmorris/ps90r/kytta-schmerzsalbe-100-g-10832859-5-1720620148152830.jpeg"}}}},"width":90,"height":90},"300":{"formats":{"webp":{"resolutions":{"1x":{"url":"https://statics.docmorris.de/static/produkte/FX54PC5Z/docmorris/ps300/kytta-schmerzsalbe-100-g-10832859-5-1720620148152830.jpeg"},"2x":{"url":"https://statics.docmorris.de/static/produkte/FX54PC5Z/docmorris/ps300r/kytta-schmerzsalbe-100-g-10832859-5-1720620148152830.jpeg"}}}},"width":300,"height":300},"420":{"formats":{"webp":{"resolutions":{"1x":{"url":"https://statics.docmorris.de/static/produkte/FX54PC5Z/docmorris/ps420/kytta-schmerzsalbe-100-g-10832859-5-1720620148152830.jpeg"},"2x":{"url":"https://statics.docmorris.de/static/produkte/FX54PC5Z/docmorris/ps420r/kytta-schmerzsalbe-100-g-10832859-5-1720620148152830.jpeg"}}}},"width":420,"height":420}}},{"variants":{"90":{"formats":{"webp":{"resolutions":{"1x":{"url":"https://statics.docmorris.de/static/produkte/FX54PC5Z/docmorris/ps90/kytta-schmerzsalbe-100-g-10832859-6-1720620148424728.jpeg"},"2x":{"url":"https://statics.docmorris.de/static/produkte/FX54PC5Z/docmorris/ps90r/kytta-schmerzsalbe-100-g-10832859-6-1720620148424728.jpeg"}}}},"width":90,"height":90},"300":{"formats":{"webp":{"resolutions":{"1x":{"url":"https://statics.docmorris.de/static/produkte/FX54PC5Z/docmorris/ps300/kytta-schmerzsalbe-100-g-10832859-6-1720620148424728.jpeg"},"2x":{"url":"https://statics.docmorris.de/static/produkte/FX54PC5Z/docmorris/ps300r/kytta-schmerzsalbe-100-g-10832859-6-1720620148424728.jpeg"}}}},"width":300,"height":300},"420":{"formats":{"webp":{"resolutions":{"1x":{"url":"https://statics.docmorris.de/static/produkte/FX54PC5Z/docmorris/ps420/kytta-schmerzsalbe-100-g-10832859-6-1720620148424728.jpeg"},"2x":{"url":"https://statics.docmorris.de/static/produkte/FX54PC5Z/docmorris/ps420r/kytta-schmerzsalbe-100-g-10832859-6-1720620148424728.jpeg"}}}},"width":420,"height":420}}},{"variants":{"90":{"formats":{"webp":{"resolutions":{"1x":{"url":"https://statics.docmorris.de/static/produkte/FX54PC5Z/docmorris/ps90/kytta-schmerzsalbe-100-g-10832859-7-1720620148686239.jpeg"},"2x":{"url":"https://statics.docmorris.de/static/produkte/FX54PC5Z/docmorris/ps90r/kytta-schmerzsalbe-100-g-10832859-7-1720620148686239.jpeg"}}}},"width":90,"height":90},"300":{"formats":{"webp":{"resolutions":{"1x":{"url":"https://statics.docmorris.de/static/produkte/FX54PC5Z/docmorris/ps300/kytta-schmerzsalbe-100-g-10832859-7-1720620148686239.jpeg"},"2x":{"url":"https://statics.docmorris.de/static/produkte/FX54PC5Z/docmorris/ps300r/kytta-schmerzsalbe-100-g-10832859-7-1720620148686239.jpeg"}}}},"width":300,"height":300},"420":{"formats":{"webp":{"resolutions":{"1x":{"url":"https://statics.docmorris.de/static/produkte/FX54PC5Z/docmorris/ps420/kytta-schmerzsalbe-100-g-10832859-7-1720620148686239.jpeg"},"2x":{"url":"https://statics.docmorris.de/static/produkte/FX54PC5Z/docmorris/ps420r/kytta-schmerzsalbe-100-g-10832859-7-1720620148686239.jpeg"}}}},"width":420,"height":420}}}],"bestSeller":{"id":"6fee4fe5-caf4-485d-9e1a-a3a5808ec912","name":"DocMorris Apotheke","baseprice":"169,90 €/kg","hasStock":true,"savingsPercentageFormatted":"18%","prices":{"salesPrice":{"value":16.99,"formattedValue":"16,99 €"}}},"sellers":[],"badges":[]},{"code":"10832842","readableId":"FX5KVV70","productId":"95861f01-e53a-46ca-b031-7902588c0b1e","packagingSize":"50 g","quantity":50,"baseprice":"175,80 €/kg","slug":"kytta-schmerzsalbe/10832842","url":"/kytta-schmerzsalbe/10832842","available":true,"prices":{"salesPrice":{"value":0,"formattedValue":"0,00 €"},"recommendedRetailPrice":{"value":11.28,"formattedValue":"11,28 €"},"savings":null,"bonus":{"value":0,"formattedValue":"0,00 €"},"maxRefundDifference":{"value":0,"formattedValue":"0,00 €"},"additionalPayment":{"value":5,"formattedValue":"5,00 €"},"savingsPercentageFormatted":null,"metadata":{"displayUVP":true,"displaySaving":true,"displayBonus":false}},"trafficChannel":null,"images":[{"variants":{"90":{"formats":{"webp":{"resolutions":{"1x":{"url":"https://statics.docmorris.de/static/produkte/FX5KVV70/docmorris/ps90/kytta-schmerzsalbe-50-g-10832842-0-1720620174873199.jpg"},"2x":{"url":"https://statics.docmorris.de/static/produkte/FX5KVV70/docmorris/ps90r/kytta-schmerzsalbe-50-g-10832842-0-1720620174873199.jpg"}}}},"width":90,"height":90},"300":{"formats":{"webp":{"resolutions":{"1x":{"url":"https://statics.docmorris.de/static/produkte/FX5KVV70/docmorris/ps300/kytta-schmerzsalbe-50-g-10832842-0-1720620174873199.jpg"},"2x":{"url":"https://statics.docmorris.de/static/produkte/FX5KVV70/docmorris/ps300r/kytta-schmerzsalbe-50-g-10832842-0-1720620174873199.jpg"}}}},"width":300,"height":300},"420":{"formats":{"webp":{"resolutions":{"1x":{"url":"https://statics.docmorris.de/static/produkte/FX5KVV70/docmorris/ps420/kytta-schmerzsalbe-50-g-10832842-0-1720620174873199.jpg"},"2x":{"url":"https://statics.docmorris.de/static/produkte/FX5KVV70/docmorris/ps420r/kytta-schmerzsalbe-50-g-10832842-0-1720620174873199.jpg"}}}},"width":420,"height":420}}},{"variants":{"90":{"formats":{"webp":{"resolutions":{"1x":{"url":"https://statics.docmorris.de/static/produkte/FX5KVV70/docmorris/ps90/kytta-schmerzsalbe-50-g-10832842-2-1720620175462903.jpeg"},"2x":{"url":"https://statics.docmorris.de/static/produkte/FX5KVV70/docmorris/ps90r/kytta-schmerzsalbe-50-g-10832842-2-1720620175462903.jpeg"}}}},"width":90,"height":90},"300":{"formats":{"webp":{"resolutions":{"1x":{"url":"https://statics.docmorris.de/static/produkte/FX5KVV70/docmorris/ps300/kytta-schmerzsalbe-50-g-10832842-2-1720620175462903.jpeg"},"2x":{"url":"https://statics.docmorris.de/static/produkte/FX5KVV70/docmorris/ps300r/kytta-schmerzsalbe-50-g-10832842-2-1720620175462903.jpeg"}}}},"width":300,"height":300},"420":{"formats":{"webp":{"resolutions":{"1x":{"url":"https://statics.docmorris.de/static/produkte/FX5KVV70/docmorris/ps420/kytta-schmerzsalbe-50-g-10832842-2-1720620175462903.jpeg"},"2x":{"url":"https://statics.docmorris.de/static/produkte/FX5KVV70/docmorris/ps420r/kytta-schmerzsalbe-50-g-10832842-2-1720620175462903.jpeg"}}}},"width":420,"height":420}}},{"variants":{"90":{"formats":{"webp":{"resolutions":{"1x":{"url":"https://statics.docmorris.de/static/produkte/FX5KVV70/docmorris/ps90/kytta-schmerzsalbe-50-g-10832842-3-1720620175722729.jpeg"},"2x":{"url":"https://statics.docmorris.de/static/produkte/FX5KVV70/docmorris/ps90r/kytta-schmerzsalbe-50-g-10832842-3-1720620175722729.jpeg"}}}},"width":90,"height":90},"300":{"formats":{"webp":{"resolutions":{"1x":{"url":"https://statics.docmorris.de/static/produkte/FX5KVV70/docmorris/ps300/kytta-schmerzsalbe-50-g-10832842-3-1720620175722729.jpeg"},"2x":{"url":"https://statics.docmorris.de/static/produkte/FX5KVV70/docmorris/ps300r/kytta-schmerzsalbe-50-g-10832842-3-1720620175722729.jpeg"}}}},"width":300,"height":300},"420":{"formats":{"webp":{"resolutions":{"1x":{"url":"https://statics.docmorris.de/static/produkte/FX5KVV70/docmorris/ps420/kytta-schmerzsalbe-50-g-10832842-3-1720620175722729.jpeg"},"2x":{"url":"https://statics.docmorris.de/static/produkte/FX5KVV70/docmorris/ps420r/kytta-schmerzsalbe-50-g-10832842-3-1720620175722729.jpeg"}}}},"width":420,"height":420}}},{"variants":{"90":{"formats":{"webp":{"resolutions":{"1x":{"url":"https://statics.docmorris.de/static/produkte/FX5KVV70/docmorris/ps90/kytta-schmerzsalbe-50-g-10832842-4-1720620176043270.jpeg"},"2x":{"url":"https://statics.docmorris.de/static/produkte/FX5KVV70/docmorris/ps90r/kytta-schmerzsalbe-50-g-10832842-4-1720620176043270.jpeg"}}}},"width":90,"height":90},"300":{"formats":{"webp":{"resolutions":{"1x":{"url":"https://statics.docmorris.de/static/produkte/FX5KVV70/docmorris/ps300/kytta-schmerzsalbe-50-g-10832842-4-1720620176043270.jpeg"},"2x":{"url":"https://statics.docmorris.de/static/produkte/FX5KVV70/docmorris/ps300r/kytta-schmerzsalbe-50-g-10832842-4-1720620176043270.jpeg"}}}},"width":300,"height":300},"420":{"formats":{"webp":{"resolutions":{"1x":{"url":"https://statics.docmorris.de/static/produkte/FX5KVV70/docmorris/ps420/kytta-schmerzsalbe-50-g-10832842-4-1720620176043270.jpeg"},"2x":{"url":"https://statics.docmorris.de/static/produkte/FX5KVV70/docmorris/ps420r/kytta-schmerzsalbe-50-g-10832842-4-1720620176043270.jpeg"}}}},"width":420,"height":420}}},{"variants":{"90":{"formats":{"webp":{"resolutions":{"1x":{"url":"https://statics.docmorris.de/static/produkte/FX5KVV70/docmorris/ps90/kytta-schmerzsalbe-50-g-10832842-5-1720620176324580.jpeg"},"2x":{"url":"https://statics.docmorris.de/static/produkte/FX5KVV70/docmorris/ps90r/kytta-schmerzsalbe-50-g-10832842-5-1720620176324580.jpeg"}}}},"width":90,"height":90},"300":{"formats":{"webp":{"resolutions":{"1x":{"url":"https://statics.docmorris.de/static/produkte/FX5KVV70/docmorris/ps300/kytta-schmerzsalbe-50-g-10832842-5-1720620176324580.jpeg"},"2x":{"url":"https://statics.docmorris.de/static/produkte/FX5KVV70/docmorris/ps300r/kytta-schmerzsalbe-50-g-10832842-5-1720620176324580.jpeg"}}}},"width":300,"height":300},"420":{"formats":{"webp":{"resolutions":{"1x":{"url":"https://statics.docmorris.de/static/produkte/FX5KVV70/docmorris/ps420/kytta-schmerzsalbe-50-g-10832842-5-1720620176324580.jpeg"},"2x":{"url":"https://statics.docmorris.de/static/produkte/FX5KVV70/docmorris/ps420r/kytta-schmerzsalbe-50-g-10832842-5-1720620176324580.jpeg"}}}},"width":420,"height":420}}},{"variants":{"90":{"formats":{"webp":{"resolutions":{"1x":{"url":"https://statics.docmorris.de/static/produkte/FX5KVV70/docmorris/ps90/kytta-schmerzsalbe-50-g-10832842-6-1720620176576025.jpeg"},"2x":{"url":"https://statics.docmorris.de/static/produkte/FX5KVV70/docmorris/ps90r/kytta-schmerzsalbe-50-g-10832842-6-1720620176576025.jpeg"}}}},"width":90,"height":90},"300":{"formats":{"webp":{"resolutions":{"1x":{"url":"https://statics.docmorris.de/static/produkte/FX5KVV70/docmorris/ps300/kytta-schmerzsalbe-50-g-10832842-6-1720620176576025.jpeg"},"2x":{"url":"https://statics.docmorris.de/static/produkte/FX5KVV70/docmorris/ps300r/kytta-schmerzsalbe-50-g-10832842-6-1720620176576025.jpeg"}}}},"width":300,"height":300},"420":{"formats":{"webp":{"resolutions":{"1x":{"url":"https://statics.docmorris.de/static/produkte/FX5KVV70/docmorris/ps420/kytta-schmerzsalbe-50-g-10832842-6-1720620176576025.jpeg"},"2x":{"url":"https://statics.docmorris.de/static/produkte/FX5KVV70/docmorris/ps420r/kytta-schmerzsalbe-50-g-10832842-6-1720620176576025.jpeg"}}}},"width":420,"height":420}}},{"variants":{"90":{"formats":{"webp":{"resolutions":{"1x":{"url":"https://statics.docmorris.de/static/produkte/FX5KVV70/docmorris/ps90/kytta-schmerzsalbe-50-g-10832842-7-1720620176788053.jpeg"},"2x":{"url":"https://statics.docmorris.de/static/produkte/FX5KVV70/docmorris/ps90r/kytta-schmerzsalbe-50-g-10832842-7-1720620176788053.jpeg"}}}},"width":90,"height":90},"300":{"formats":{"webp":{"resolutions":{"1x":{"url":"https://statics.docmorris.de/static/produkte/FX5KVV70/docmorris/ps300/kytta-schmerzsalbe-50-g-10832842-7-1720620176788053.jpeg"},"2x":{"url":"https://statics.docmorris.de/static/produkte/FX5KVV70/docmorris/ps300r/kytta-schmerzsalbe-50-g-10832842-7-1720620176788053.jpeg"}}}},"width":300,"height":300},"420":{"formats":{"webp":{"resolutions":{"1x":{"url":"https://statics.docmorris.de/static/produkte/FX5KVV70/docmorris/ps420/kytta-schmerzsalbe-50-g-10832842-7-1720620176788053.jpeg"},"2x":{"url":"https://statics.docmorris.de/static/produkte/FX5KVV70/docmorris/ps420r/kytta-schmerzsalbe-50-g-10832842-7-1720620176788053.jpeg"}}}},"width":420,"height":420}}}],"bestSeller":{"id":"6fee4fe5-caf4-485d-9e1a-a3a5808ec912","name":"DocMorris Apotheke","baseprice":"175,80 €/kg","hasStock":true,"savingsPercentageFormatted":"22%","prices":{"salesPrice":{"value":8.79,"formattedValue":"8,79 €"}}},"sellers":[],"badges":[]}]},"composition":{"activeIngredients":[{"name":"Beinwellwurzel-Fluidextrakt","quantity":"350 mg"}],"additives":[{"name":"Phenonip","quantity":""},{"name":"Natriumhydroxid zur pH-Wert-Einstellung","quantity":""},{"name":"PPG-1-PEG-9 lauryl glycol ether","quantity":""},{"name":"Cetylstearylalkohol","quantity":""},{"name":"Glycerolmonostearat","quantity":""},{"name":"Natriumdodecylsulfat","quantity":"1.9 mg"},{"name":"Erdnussöl","quantity":""},{"name":"Wasser, gereinigtes","quantity":""},{"name":"Lavendelöl","quantity":""},{"name":"Linalool","quantity":""},{"name":"DL-Limonen","quantity":""},{"name":"Fichtennadelöl","quantity":""},{"name":"Parfümöl Spezial PH 2032791 Dragoco","quantity":""},{"name":"Benzylalkohol","quantity":""},{"name":"Benzyl benzoat","quantity":"3.4 mg"},{"name":"Farnesol","quantity":""},{"name":"Citronellol","quantity":""},{"name":"Citral","quantity":""},{"name":"Cumarin","quantity":""},{"name":"Eugenol","quantity":""},{"name":"Geraniol","quantity":""},{"name":"7-Hydroxy-3,7-dimethyloctanal","quantity":""},{"name":"Ethanol","quantity":"77 mg"}]},"structuredData":"[{\"@context\":\"https://schema.org\",\"@graph\":[{\"@type\":\"WebSite\",\"url\":\"https://www.docmorris.de/\",\"potentialAction\":{\"@type\":\"SearchAction\",\"target\":{\"@type\":\"EntryPoint\",\"urlTemplate\":\"https://www.docmorris.de/search?query={search_term_string}\"},\"query-input\":\"required name=search_term_string\"}},{\"@type\":\"Organization\",\"url\":\"https://www.docmorris.de/\",\"name\":\"DocMorris\",\"logo\":\"https://www.docmorris.de/assets/img/brandlogos/docmorris-openGraph.jpg\",\"sameAs\":[\"https://www.facebook.com/DocMorris\",\"https://www.twitter.com/docmorris\",\"https://plus.google.com/+DocMorris\",\"https://www.instagram.com/docmorris/\",\"https://www.youtube.com/docmorris/\"],\"contactPoint\":[{\"@type\":\"ContactPoint\",\"telephone\":\"+49 800 480 80 00\",\"contactType\":\"customer service\"}]}]},{\"@context\":\"https://schema.org\",\"@type\":\"BreadcrumbList\",\"itemListElement\":[{\"@type\":\"ListItem\",\"position\":1,\"name\":\"Startseite\",\"item\":\"https://www.docmorris.de\"},{\"@type\":\"ListItem\",\"position\":2,\"name\":\"Arzneimittel \u0026 Gesundheit\",\"item\":\"https://www.docmorris.de/arzneimittel-gesundheit\"},{\"@type\":\"ListItem\",\"position\":3,\"name\":\"Muskeln, Knochen, Gelenke\",\"item\":\"https://www.docmorris.de/arzneimittel-gesundheit/muskeln-knochen-gelenke\"},{\"@type\":\"ListItem\",\"position\":4,\"name\":\"Stauchung, Prellung \u0026 Zerrung\",\"item\":\"https://www.docmorris.de/arzneimittel-gesundheit/muskeln-knochen-gelenke/stauchung-prellung-zerrung\"},{\"@type\":\"ListItem\",\"position\":5,\"name\":\"Cremes \u0026 Gele\",\"item\":\"https://www.docmorris.de/arzneimittel-gesundheit/muskeln-knochen-gelenke/stauchung-prellung-zerrung/cremes-gele\"},{\"@type\":\"ListItem\",\"position\":6,\"name\":\"Kytta Schmerzsalbe 150 g\",\"item\":\"https://www.docmorris.de/kytta-schmerzsalbe/10832865\"}]},{\"@context\":\"https://schema.org\",\"@type\":\"Product\",\"@id\":\"https://www.docmorris.de/kytta-schmerzsalbe/10832865\",\"mpn\":\"10832865\",\"sku\":\"10832865\",\"name\":\"Kytta Schmerzsalbe 150 g - 150 g\",\"category\":\"Cremes \u0026 Gele\",\"image\":\"https://statics.docmorris.de/static/produkte/FX5UP389/docmorris/ps300/kytta-schmerzsalbe-150-g-10832865-0-1720620118087441.jpg\",\"brand\":{\"@type\":\"Organization\",\"name\":\"Kytta\"},\"manufacturer\":{\"@type\":\"Organization\",\"name\":\"WICK Pharma - Zweigniederlassung der Procter \u0026 Gamble GmbH\"},\"description\":\"Kytta Schmerzsalbe 150 g - 150 g günstig online bestellen in der DocMorris online Apotheke. Schnelle Lieferung ✓ Sichere Zahlung ✓\",\"offers\":{\"@type\":\"Offer\",\"availability\":\"https://schema.org/InStock\",\"itemCondition\":\"https://schema.org/NewCondition\",\"priceCurrency\":\"EUR\",\"url\":\"https://www.docmorris.de/kytta-schmerzsalbe/10832865\",\"category\":\"Cremes \u0026 Gele\",\"price\":18.99,\"priceValidUntil\":\"2024-12-31\",\"eligibleQuantity\":{\"@type\":\"QuantitativeValue\",\"name\":\"150 g\"}},\"aggregateRating\":{\"@type\":\"AggregateRating\",\"bestRating\":5,\"worstRating\":1,\"ratingValue\":4.6404,\"reviewCount\":495},\"isSimilarTo\":[{\"@type\":\"Product\",\"mpn\":\"80024983\",\"sku\":\"80024983\",\"name\":\"Kytta Schmerzsalbe 150 g - 2X100 g\",\"url\":\"https://www.docmorris.de/kytta-2-x-100-g-doppelpack/80024983\",\"category\":\"Cremes \u0026 Gele\",\"image\":\"https://statics.docmorris.de/static/produkte/FX5UP389/docmorris/ps300/kytta-schmerzsalbe-150-g-10832865-0-1720620118087441.jpg\",\"brand\":{\"@type\":\"Organization\",\"name\":\"Kytta\"},\"manufacturer\":{\"@type\":\"Organization\",\"name\":\"WICK Pharma - Zweigniederlassung der Procter \u0026 Gamble GmbH\"},\"description\":\"Kytta Schmerzsalbe 150 g - 2X100 g günstig online bestellen in der DocMorris online Apotheke. Schnelle Lieferung ✓ Sichere Zahlung ✓\",\"offers\":{\"@type\":\"Offer\",\"availability\":\"https://schema.org/InStock\",\"itemCondition\":\"https://schema.org/NewCondition\",\"priceCurrency\":\"EUR\",\"url\":\"https://www.docmorris.de/kytta-2-x-100-g-doppelpack/80024983\",\"price\":30.59,\"priceValidUntil\":\"2024-12-31\",\"eligibleQuantity\":{\"@type\":\"QuantitativeValue\",\"name\":\"2X100 g\"}},\"aggregateRating\":{\"@type\":\"AggregateRating\",\"bestRating\":5,\"worstRating\":1,\"ratingValue\":4.6404,\"reviewCount\":495}},{\"@type\":\"Product\",\"mpn\":\"80025008\",\"sku\":\"80025008\",\"name\":\"Kytta Schmerzsalbe 150 g - 3X100 g\",\"url\":\"https://www.docmorris.de/kytta-3-x-100-g-dreierpack/80025008\",\"category\":\"Cremes \u0026 Gele\",\"image\":\"https://statics.docmorris.de/static/produkte/FX5UP389/docmorris/ps300/kytta-schmerzsalbe-150-g-10832865-0-1720620118087441.jpg\",\"brand\":{\"@type\":\"Organization\",\"name\":\"Kytta\"},\"manufacturer\":{\"@type\":\"Organization\",\"name\":\"WICK Pharma - Zweigniederlassung der Procter \u0026 Gamble GmbH\"},\"description\":\"Kytta Schmerzsalbe 150 g - 3X100 g günstig online bestellen in der DocMorris online Apotheke. Schnelle Lieferung ✓ Sichere Zahlung ✓\",\"offers\":{\"@type\":\"Offer\",\"availability\":\"https://schema.org/InStock\",\"itemCondition\":\"https://schema.org/NewCondition\",\"priceCurrency\":\"EUR\",\"url\":\"https://www.docmorris.de/kytta-3-x-100-g-dreierpack/80025008\",\"price\":45.89,\"priceValidUntil\":\"2024-12-31\",\"eligibleQuantity\":{\"@type\":\"QuantitativeValue\",\"name\":\"3X100 g\"}},\"aggregateRating\":{\"@type\":\"AggregateRating\",\"bestRating\":5,\"worstRating\":1,\"ratingValue\":4.6404,\"reviewCount\":495}},{\"@type\":\"Product\",\"mpn\":\"10832859\",\"sku\":\"10832859\",\"name\":\"Kytta Schmerzsalbe 150 g - 100 g\",\"url\":\"https://www.docmorris.de/kytta-schmerzsalbe/10832859\",\"category\":\"Cremes \u0026 Gele\",\"image\":\"https://statics.docmorris.de/static/produkte/FX5UP389/docmorris/ps300/kytta-schmerzsalbe-150-g-10832865-0-1720620118087441.jpg\",\"brand\":{\"@type\":\"Organization\",\"name\":\"Kytta\"},\"manufacturer\":{\"@type\":\"Organization\",\"name\":\"WICK Pharma - Zweigniederlassung der Procter \u0026 Gamble GmbH\"},\"description\":\"Kytta Schmerzsalbe 150 g - 100 g günstig online bestellen in der DocMorris online Apotheke. Schnelle Lieferung ✓ Sichere Zahlung ✓\",\"offers\":{\"@type\":\"Offer\",\"availability\":\"https://schema.org/InStock\",\"itemCondition\":\"https://schema.org/NewCondition\",\"priceCurrency\":\"EUR\",\"url\":\"https://www.docmorris.de/kytta-schmerzsalbe/10832859\",\"price\":16.99,\"priceValidUntil\":\"2024-12-31\",\"eligibleQuantity\":{\"@type\":\"QuantitativeValue\",\"name\":\"100 g\"}},\"aggregateRating\":{\"@type\":\"AggregateRating\",\"bestRating\":5,\"worstRating\":1,\"ratingValue\":4.6404,\"reviewCount\":495}},{\"@type\":\"Product\",\"mpn\":\"10832842\",\"sku\":\"10832842\",\"name\":\"Kytta Schmerzsalbe 150 g - 50 g\",\"url\":\"https://www.docmorris.de/kytta-schmerzsalbe/10832842\",\"category\":\"Cremes \u0026 Gele\",\"image\":\"https://statics.docmorris.de/static/produkte/FX5UP389/docmorris/ps300/kytta-schmerzsalbe-150-g-10832865-0-1720620118087441.jpg\",\"brand\":{\"@type\":\"Organization\",\"name\":\"Kytta\"},\"manufacturer\":{\"@type\":\"Organization\",\"name\":\"WICK Pharma - Zweigniederlassung der Procter \u0026 Gamble GmbH\"},\"description\":\"Kytta Schmerzsalbe 150 g - 50 g günstig online bestellen in der DocMorris online Apotheke. Schnelle Lieferung ✓ Sichere Zahlung ✓\",\"offers\":{\"@type\":\"Offer\",\"availability\":\"https://schema.org/InStock\",\"itemCondition\":\"https://schema.org/NewCondition\",\"priceCurrency\":\"EUR\",\"url\":\"https://www.docmorris.de/kytta-schmerzsalbe/10832842\",\"price\":8.79,\"priceValidUntil\":\"2024-12-31\",\"eligibleQuantity\":{\"@type\":\"QuantitativeValue\",\"name\":\"50 g\"}},\"aggregateRating\":{\"@type\":\"AggregateRating\",\"bestRating\":5,\"worstRating\":1,\"ratingValue\":4.6404,\"reviewCount\":495}},{\"@type\":\"Product\",\"mpn\":\"08019654\",\"sku\":\"08019654\",\"name\":\"Kytta Schmerzsalbe 150 g - 2 St\",\"url\":\"https://www.docmorris.de/kytta-schmerzsalbe-sparset-2-x-150g/08019654\",\"category\":\"Cremes \u0026 Gele\",\"image\":\"https://statics.docmorris.de/static/produkte/FX5UP389/docmorris/ps300/kytta-schmerzsalbe-150-g-10832865-0-1720620118087441.jpg\",\"brand\":{\"@type\":\"Organization\",\"name\":\"Kytta\"},\"manufacturer\":{\"@type\":\"Organization\",\"name\":\"WICK Pharma - Zweigniederlassung der Procter \u0026 Gamble GmbH\"},\"description\":\"Kytta Schmerzsalbe 150 g - 2 St günstig online bestellen in der DocMorris online Apotheke. Schnelle Lieferung ✓ Sichere Zahlung ✓\",\"offers\":{\"@type\":\"Offer\",\"availability\":\"https://schema.org/InStock\",\"itemCondition\":\"https://schema.org/NewCondition\",\"priceCurrency\":\"EUR\",\"url\":\"https://www.docmorris.de/kytta-schmerzsalbe-sparset-2-x-150g/08019654\",\"price\":34.19,\"priceValidUntil\":\"2024-12-31\",\"eligibleQuantity\":{\"@type\":\"QuantitativeValue\",\"name\":\"2 St\"}},\"aggregateRating\":{\"@type\":\"AggregateRating\",\"bestRating\":5,\"worstRating\":1,\"ratingValue\":4.6404,\"reviewCount\":495}}]},{\"@context\":\"https://schema.org\",\"@type\":\"FAQPage\",\"mainEntity\":[{\"@type\":\"Question\",\"name\":\"Wie lange darf ich Kytta® Schmerzsalbe anwenden?\",\"acceptedAnswer\":{\"@type\":\"Answer\",\"text\":\"\u003cp\u003eDie Anwendungsdauer bei Erwachsenen richtet sich nach den Symptomen und der zugrundeliegenden Erkrankung. 10 Tage bei akuten Myalgien im Bereich des Rückens, Verstauchungen, Prellungen, Zerrungen und bis zu 3 Wochen bei Kniegelenksarthrose.\u003c/p\u003e\"}},{\"@type\":\"Question\",\"name\":\"Wofür kann ich Kytta® Schmerzsalbe anwenden?\",\"acceptedAnswer\":{\"@type\":\"Answer\",\"text\":\"\u003cp\u003eKytta® Schmerzsalbe hat mehrere zugelassene Anwendungsgebiete:\u003c/p\u003e\u003cul\u003e\u003cli\u003e\u003cp\u003eAkute Muskelschmerzen im Rückenbereich\u003c/p\u003e\u003c/li\u003e\u003cli\u003e\u003cp\u003eSchmerzen und Schwellungen bei Kniegelenksarthrose\u003c/p\u003e\u003c/li\u003e\u003cli\u003e\u003cp\u003eZerrungen nach Sportverletzungen\u003c/p\u003e\u003c/li\u003e\u003cli\u003e\u003cp\u003ePrellungen nach Unfallverletzungen\u003c/p\u003e\u003c/li\u003e\u003cli\u003e\u003cp\u003eVerstauchungen nach Sport- und Unfallverletzungen\u003c/p\u003e\u003c/li\u003e\u003c/ul\u003e\"}},{\"@type\":\"Question\",\"name\":\"Die Salbe färbt auf meine Kleidung ab, warum ist das so und was kann ich tun?\",\"acceptedAnswer\":{\"@type\":\"Answer\",\"text\":\"\u003cp\u003eDie bräunliche Farbe der Kytta® Schmerzsalbe kommt von ihrem pflanzlichen Wirkstoff, deshalb hat sie keine rein weiße Farbe, wie einige chemische Salben und Gele. Die in den Pflanzeninhaltsstoffen enthaltenen Gerbstoffe können auf der Kleidung unter Umständen zu Verfärbungen führen.\u003c/p\u003e\u003cp\u003e\u003c/p\u003e\u003cp\u003eAchten Sie darauf, die Salbe vollständig einziehen zu lassen, bei stärkeren Schmerzen können Sie einen Salbenverband anlegen. Sollten dennoch Flecken auf Ihrer Kleidung entstehen, achten Sie darauf, die Kleidung sofort zu waschen, und den Fleck nicht eintrocknen zu lassen. Somit kann der Fleck rasch entfernt werden.\u003c/p\u003e\"}}]}]","isDrug":true,"isVeterinaryDrug":false,"faq":[{"type":"faq","headline":"Wie lange darf ich Kytta® Schmerzsalbe anwenden?","text":"\u003cp\u003eDie Anwendungsdauer bei Erwachsenen richtet sich nach den Symptomen und der zugrundeliegenden Erkrankung. 10 Tage bei akuten Myalgien im Bereich des Rückens, Verstauchungen, Prellungen, Zerrungen und bis zu 3 Wochen bei Kniegelenksarthrose.\u003c/p\u003e","reference_name":"Wie lange darf ich Kytta® Schmerzsalbe anwenden?","published":true},{"type":"faq","headline":"Wofür kann ich Kytta® Schmerzsalbe anwenden?","text":"\u003cp\u003eKytta® Schmerzsalbe hat mehrere zugelassene Anwendungsgebiete:\u003c/p\u003e\u003cul\u003e\u003cli\u003e\u003cp\u003eAkute Muskelschmerzen im Rückenbereich\u003c/p\u003e\u003c/li\u003e\u003cli\u003e\u003cp\u003eSchmerzen und Schwellungen bei Kniegelenksarthrose\u003c/p\u003e\u003c/li\u003e\u003cli\u003e\u003cp\u003eZerrungen nach Sportverletzungen\u003c/p\u003e\u003c/li\u003e\u003cli\u003e\u003cp\u003ePrellungen nach Unfallverletzungen\u003c/p\u003e\u003c/li\u003e\u003cli\u003e\u003cp\u003eVerstauchungen nach Sport- und Unfallverletzungen\u003c/p\u003e\u003c/li\u003e\u003c/ul\u003e","reference_name":"Wofür kann ich Kytta® Schmerzsalbe anwenden?","published":true},{"type":"faq","headline":"Die Salbe färbt auf meine Kleidung ab, warum ist das so und was kann ich tun?","text":"\u003cp\u003eDie bräunliche Farbe der Kytta® Schmerzsalbe kommt von ihrem pflanzlichen Wirkstoff, deshalb hat sie keine rein weiße Farbe, wie einige chemische Salben und Gele. Die in den Pflanzeninhaltsstoffen enthaltenen Gerbstoffe können auf der Kleidung unter Umständen zu Verfärbungen führen.\u003c/p\u003e\u003cp\u003e\u003c/p\u003e\u003cp\u003eAchten Sie darauf, die Salbe vollständig einziehen zu lassen, bei stärkeren Schmerzen können Sie einen Salbenverband anlegen. Sollten dennoch Flecken auf Ihrer Kleidung entstehen, achten Sie darauf, die Kleidung sofort zu waschen, und den Fleck nicht eintrocknen zu lassen. Somit kann der Fleck rasch entfernt werden.\u003c/p\u003e","reference_name":"Die Salbe färbt auf meine Kleidung ab, warum ist das so und was kann ich tun?","published":true}],"pharmaNotes":[],"crossSellingEntry":{"combinedSalesPriceFormatted":"35,98 €","combinedRecommendedRetailPrice":{"value":51.53,"formattedValue":"51,53 €"},"crossSellingProduct":{"code":"07770675","name":"DOC Ibuprofen Schmerzgel 5% 150 g","dosageForm":"Gel","baseprice":"113,27 €/kg","prices":{"recommendedRetailPrice":{"value":23.54,"formattedValue":"23,54 €"},"salesPrice":{"value":16.99,"formattedValue":"16,99 €"}},"packagingSize":"150 g","images":[{"variants":{"90":{"formats":{"webp":{"resolutions":{"1x":{"url":"https://statics.docmorris.de/static/produkte/FX5OPPPV/docmorris/ps90/doc-ibuprofen-schmerzgel-5-150-g-07770675-0-1714031915659938.jpeg"},"2x":{"url":"https://statics.docmorris.de/static/produkte/FX5OPPPV/docmorris/ps90r/doc-ibuprofen-schmerzgel-5-150-g-07770675-0-1714031915659938.jpeg"}}}},"width":90,"height":90},"300":{"formats":{"webp":{"resolutions":{"1x":{"url":"https://statics.docmorris.de/static/produkte/FX5OPPPV/docmorris/ps300/doc-ibuprofen-schmerzgel-5-150-g-07770675-0-1714031915659938.jpeg"},"2x":{"url":"https://statics.docmorris.de/static/produkte/FX5OPPPV/docmorris/ps300r/doc-ibuprofen-schmerzgel-5-150-g-07770675-0-1714031915659938.jpeg"}}}},"width":300,"height":300},"420":{"formats":{"webp":{"resolutions":{"1x":{"url":"https://statics.docmorris.de/static/produkte/FX5OPPPV/docmorris/ps420/doc-ibuprofen-schmerzgel-5-150-g-07770675-0-1714031915659938.jpeg"},"2x":{"url":"https://statics.docmorris.de/static/produkte/FX5OPPPV/docmorris/ps420r/doc-ibuprofen-schmerzgel-5-150-g-07770675-0-1714031915659938.jpeg"}}}},"width":420,"height":420}}},{"variants":{"90":{"formats":{"webp":{"resolutions":{"1x":{"url":"https://statics.docmorris.de/static/produkte/FX5OPPPV/docmorris/ps90/doc-ibuprofen-schmerzgel-5-150-g-07770675-front-1714031915388539.jpeg"},"2x":{"url":"https://statics.docmorris.de/static/produkte/FX5OPPPV/docmorris/ps90r/doc-ibuprofen-schmerzgel-5-150-g-07770675-front-1714031915388539.jpeg"}}}},"width":90,"height":90},"300":{"formats":{"webp":{"resolutions":{"1x":{"url":"https://statics.docmorris.de/static/produkte/FX5OPPPV/docmorris/ps300/doc-ibuprofen-schmerzgel-5-150-g-07770675-front-1714031915388539.jpeg"},"2x":{"url":"https://statics.docmorris.de/static/produkte/FX5OPPPV/docmorris/ps300r/doc-ibuprofen-schmerzgel-5-150-g-07770675-front-1714031915388539.jpeg"}}}},"width":300,"height":300},"420":{"formats":{"webp":{"resolutions":{"1x":{"url":"https://statics.docmorris.de/static/produkte/FX5OPPPV/docmorris/ps420/doc-ibuprofen-schmerzgel-5-150-g-07770675-front-1714031915388539.jpeg"},"2x":{"url":"https://statics.docmorris.de/static/produkte/FX5OPPPV/docmorris/ps420r/doc-ibuprofen-schmerzgel-5-150-g-07770675-front-1714031915388539.jpeg"}}}},"width":420,"height":420}}},{"variants":{"90":{"formats":{"webp":{"resolutions":{"1x":{"url":"https://statics.docmorris.de/static/produkte/FX5OPPPV/docmorris/ps90/doc-ibuprofen-schmerzgel-5-150-g-07770675-top-1714031915598467.jpeg"},"2x":{"url":"https://statics.docmorris.de/static/produkte/FX5OPPPV/docmorris/ps90r/doc-ibuprofen-schmerzgel-5-150-g-07770675-top-1714031915598467.jpeg"}}}},"width":90,"height":90},"300":{"formats":{"webp":{"resolutions":{"1x":{"url":"https://statics.docmorris.de/static/produkte/FX5OPPPV/docmorris/ps300/doc-ibuprofen-schmerzgel-5-150-g-07770675-top-1714031915598467.jpeg"},"2x":{"url":"https://statics.docmorris.de/static/produkte/FX5OPPPV/docmorris/ps300r/doc-ibuprofen-schmerzgel-5-150-g-07770675-top-1714031915598467.jpeg"}}}},"width":300,"height":300},"420":{"formats":{"webp":{"resolutions":{"1x":{"url":"https://statics.docmorris.de/static/produkte/FX5OPPPV/docmorris/ps420/doc-ibuprofen-schmerzgel-5-150-g-07770675-top-1714031915598467.jpeg"},"2x":{"url":"https://statics.docmorris.de/static/produkte/FX5OPPPV/docmorris/ps420r/doc-ibuprofen-schmerzgel-5-150-g-07770675-top-1714031915598467.jpeg"}}}},"width":420,"height":420}}},{"variants":{"90":{"formats":{"webp":{"resolutions":{"1x":{"url":"https://statics.docmorris.de/static/produkte/FX5OPPPV/docmorris/ps90/doc-ibuprofen-schmerzgel-5-150-g-07770675-bottom-1714031915118887.jpeg"},"2x":{"url":"https://statics.docmorris.de/static/produkte/FX5OPPPV/docmorris/ps90r/doc-ibuprofen-schmerzgel-5-150-g-07770675-bottom-1714031915118887.jpeg"}}}},"width":90,"height":90},"300":{"formats":{"webp":{"resolutions":{"1x":{"url":"https://statics.docmorris.de/static/produkte/FX5OPPPV/docmorris/ps300/doc-ibuprofen-schmerzgel-5-150-g-07770675-bottom-1714031915118887.jpeg"},"2x":{"url":"https://statics.docmorris.de/static/produkte/FX5OPPPV/docmorris/ps300r/doc-ibuprofen-schmerzgel-5-150-g-07770675-bottom-1714031915118887.jpeg"}}}},"width":300,"height":300},"420":{"formats":{"webp":{"resolutions":{"1x":{"url":"https://statics.docmorris.de/static/produkte/FX5OPPPV/docmorris/ps420/doc-ibuprofen-schmerzgel-5-150-g-07770675-bottom-1714031915118887.jpeg"},"2x":{"url":"https://statics.docmorris.de/static/produkte/FX5OPPPV/docmorris/ps420r/doc-ibuprofen-schmerzgel-5-150-g-07770675-bottom-1714031915118887.jpeg"}}}},"width":420,"height":420}}},{"variants":{"90":{"formats":{"webp":{"resolutions":{"1x":{"url":"https://statics.docmorris.de/static/produkte/FX5OPPPV/docmorris/ps90/doc-ibuprofen-schmerzgel-5-150-g-07770675-2-1714031915885208.jpeg"},"2x":{"url":"https://statics.docmorris.de/static/produkte/FX5OPPPV/docmorris/ps90r/doc-ibuprofen-schmerzgel-5-150-g-07770675-2-1714031915885208.jpeg"}}}},"width":90,"height":90},"300":{"formats":{"webp":{"resolutions":{"1x":{"url":"https://statics.docmorris.de/static/produkte/FX5OPPPV/docmorris/ps300/doc-ibuprofen-schmerzgel-5-150-g-07770675-2-1714031915885208.jpeg"},"2x":{"url":"https://statics.docmorris.de/static/produkte/FX5OPPPV/docmorris/ps300r/doc-ibuprofen-schmerzgel-5-150-g-07770675-2-1714031915885208.jpeg"}}}},"width":300,"height":300},"420":{"formats":{"webp":{"resolutions":{"1x":{"url":"https://statics.docmorris.de/static/produkte/FX5OPPPV/docmorris/ps420/doc-ibuprofen-schmerzgel-5-150-g-07770675-2-1714031915885208.jpeg"},"2x":{"url":"https://statics.docmorris.de/static/produkte/FX5OPPPV/docmorris/ps420r/doc-ibuprofen-schmerzgel-5-150-g-07770675-2-1714031915885208.jpeg"}}}},"width":420,"height":420}}},{"variants":{"90":{"formats":{"webp":{"resolutions":{"1x":{"url":"https://statics.docmorris.de/static/produkte/FX5OPPPV/docmorris/ps90/doc-ibuprofen-schmerzgel-5-150-g-07770675-3-1714031915920981.jpeg"},"2x":{"url":"https://statics.docmorris.de/static/produkte/FX5OPPPV/docmorris/ps90r/doc-ibuprofen-schmerzgel-5-150-g-07770675-3-1714031915920981.jpeg"}}}},"width":90,"height":90},"300":{"formats":{"webp":{"resolutions":{"1x":{"url":"https://statics.docmorris.de/static/produkte/FX5OPPPV/docmorris/ps300/doc-ibuprofen-schmerzgel-5-150-g-07770675-3-1714031915920981.jpeg"},"2x":{"url":"https://statics.docmorris.de/static/produkte/FX5OPPPV/docmorris/ps300r/doc-ibuprofen-schmerzgel-5-150-g-07770675-3-1714031915920981.jpeg"}}}},"width":300,"height":300},"420":{"formats":{"webp":{"resolutions":{"1x":{"url":"https://statics.docmorris.de/static/produkte/FX5OPPPV/docmorris/ps420/doc-ibuprofen-schmerzgel-5-150-g-07770675-3-1714031915920981.jpeg"},"2x":{"url":"https://statics.docmorris.de/static/produkte/FX5OPPPV/docmorris/ps420r/doc-ibuprofen-schmerzgel-5-150-g-07770675-3-1714031915920981.jpeg"}}}},"width":420,"height":420}}},{"variants":{"90":{"formats":{"webp":{"resolutions":{"1x":{"url":"https://statics.docmorris.de/static/produkte/FX5OPPPV/docmorris/ps90/doc-ibuprofen-schmerzgel-5-150-g-07770675-4-1714031916145581.jpeg"},"2x":{"url":"https://statics.docmorris.de/static/produkte/FX5OPPPV/docmorris/ps90r/doc-ibuprofen-schmerzgel-5-150-g-07770675-4-1714031916145581.jpeg"}}}},"width":90,"height":90},"300":{"formats":{"webp":{"resolutions":{"1x":{"url":"https://statics.docmorris.de/static/produkte/FX5OPPPV/docmorris/ps300/doc-ibuprofen-schmerzgel-5-150-g-07770675-4-1714031916145581.jpeg"},"2x":{"url":"https://statics.docmorris.de/static/produkte/FX5OPPPV/docmorris/ps300r/doc-ibuprofen-schmerzgel-5-150-g-07770675-4-1714031916145581.jpeg"}}}},"width":300,"height":300},"420":{"formats":{"webp":{"resolutions":{"1x":{"url":"https://statics.docmorris.de/static/produkte/FX5OPPPV/docmorris/ps420/doc-ibuprofen-schmerzgel-5-150-g-07770675-4-1714031916145581.jpeg"},"2x":{"url":"https://statics.docmorris.de/static/produkte/FX5OPPPV/docmorris/ps420r/doc-ibuprofen-schmerzgel-5-150-g-07770675-4-1714031916145581.jpeg"}}}},"width":420,"height":420}}},{"variants":{"90":{"formats":{"webp":{"resolutions":{"1x":{"url":"https://statics.docmorris.de/static/produkte/FX5OPPPV/docmorris/ps90/doc-ibuprofen-schmerzgel-5-150-g-07770675-5-1714031916243041.jpeg"},"2x":{"url":"https://statics.docmorris.de/static/produkte/FX5OPPPV/docmorris/ps90r/doc-ibuprofen-schmerzgel-5-150-g-07770675-5-1714031916243041.jpeg"}}}},"width":90,"height":90},"300":{"formats":{"webp":{"resolutions":{"1x":{"url":"https://statics.docmorris.de/static/produkte/FX5OPPPV/docmorris/ps300/doc-ibuprofen-schmerzgel-5-150-g-07770675-5-1714031916243041.jpeg"},"2x":{"url":"https://statics.docmorris.de/static/produkte/FX5OPPPV/docmorris/ps300r/doc-ibuprofen-schmerzgel-5-150-g-07770675-5-1714031916243041.jpeg"}}}},"width":300,"height":300},"420":{"formats":{"webp":{"resolutions":{"1x":{"url":"https://statics.docmorris.de/static/produkte/FX5OPPPV/docmorris/ps420/doc-ibuprofen-schmerzgel-5-150-g-07770675-5-1714031916243041.jpeg"},"2x":{"url":"https://statics.docmorris.de/static/produkte/FX5OPPPV/docmorris/ps420r/doc-ibuprofen-schmerzgel-5-150-g-07770675-5-1714031916243041.jpeg"}}}},"width":420,"height":420}}},{"variants":{"90":{"formats":{"webp":{"resolutions":{"1x":{"url":"https://statics.docmorris.de/static/produkte/FX5OPPPV/docmorris/ps90/doc-ibuprofen-schmerzgel-5-150-g-07770675-6-1714031916464135.jpeg"},"2x":{"url":"https://statics.docmorris.de/static/produkte/FX5OPPPV/docmorris/ps90r/doc-ibuprofen-schmerzgel-5-150-g-07770675-6-1714031916464135.jpeg"}}}},"width":90,"height":90},"300":{"formats":{"webp":{"resolutions":{"1x":{"url":"https://statics.docmorris.de/static/produkte/FX5OPPPV/docmorris/ps300/doc-ibuprofen-schmerzgel-5-150-g-07770675-6-1714031916464135.jpeg"},"2x":{"url":"https://statics.docmorris.de/static/produkte/FX5OPPPV/docmorris/ps300r/doc-ibuprofen-schmerzgel-5-150-g-07770675-6-1714031916464135.jpeg"}}}},"width":300,"height":300},"420":{"formats":{"webp":{"resolutions":{"1x":{"url":"https://statics.docmorris.de/static/produkte/FX5OPPPV/docmorris/ps420/doc-ibuprofen-schmerzgel-5-150-g-07770675-6-1714031916464135.jpeg"},"2x":{"url":"https://statics.docmorris.de/static/produkte/FX5OPPPV/docmorris/ps420r/doc-ibuprofen-schmerzgel-5-150-g-07770675-6-1714031916464135.jpeg"}}}},"width":420,"height":420}}},{"variants":{"90":{"formats":{"webp":{"resolutions":{"1x":{"url":"https://statics.docmorris.de/static/produkte/FX5OPPPV/docmorris/ps90/doc-ibuprofen-schmerzgel-5-150-g-07770675-7-1714031916448792.jpeg"},"2x":{"url":"https://statics.docmorris.de/static/produkte/FX5OPPPV/docmorris/ps90r/doc-ibuprofen-schmerzgel-5-150-g-07770675-7-1714031916448792.jpeg"}}}},"width":90,"height":90},"300":{"formats":{"webp":{"resolutions":{"1x":{"url":"https://statics.docmorris.de/static/produkte/FX5OPPPV/docmorris/ps300/doc-ibuprofen-schmerzgel-5-150-g-07770675-7-1714031916448792.jpeg"},"2x":{"url":"https://statics.docmorris.de/static/produkte/FX5OPPPV/docmorris/ps300r/doc-ibuprofen-schmerzgel-5-150-g-07770675-7-1714031916448792.jpeg"}}}},"width":300,"height":300},"420":{"formats":{"webp":{"resolutions":{"1x":{"url":"https://statics.docmorris.de/static/produkte/FX5OPPPV/docmorris/ps420/doc-ibuprofen-schmerzgel-5-150-g-07770675-7-1714031916448792.jpeg"},"2x":{"url":"https://statics.docmorris.de/static/produkte/FX5OPPPV/docmorris/ps420r/doc-ibuprofen-schmerzgel-5-150-g-07770675-7-1714031916448792.jpeg"}}}},"width":420,"height":420}}}],"url":"/doc-ibuprofen-schmerzgel-5/07770675"}},"teleclinicData":{"tcPdpProductDependingHeadline":"Beratung, Rezept \u0026 Krankschreibung direkt online","tcPdpProductDependingIntrotext":"Erledigen Sie den Arztbesuch in wenigen Klicks von Zuhause per Videosprechstunde. Ganz ohne Wartezimmer und Terminprobleme. Inklusive Kostenübernahme durch alle Krankenkassen.","tcPdpTextlinkToOffCanvas":"Zum Online-Arzt","tcOffCanvasHeadline":"Tschüss Wartezimmer. Hallo Online-Arzt.","tcOffCanvasButtonlinkTitle":"Zum Online-Arzt","tcOffCanvasButtonlinkTarget":"https://www.teleclinic.com/lp/zum-allgemeinarzt-dm/?utm_source=docmorris\u0026utm_medium=online-partner\u0026utm_campaign=2134-docmorris-button-otc-allgemeinarzt-schmerzmittel-muskel-gelenk","tcOffCanvasContent":"\u003cp\u003eSprechen Sie in wenigen Klicks erfahrene \u0026Auml;rzte per Videosprechstunde. \u003cstrong\u003eRezept \u0026amp; AU erhalten Sie im Anschluss direkt per App.\u003c/strong\u003e\u003c/p\u003e","tcOffCanvasList":"\u003cp\u003e\u003cstrong\u003eSo funktioniert\u0026rsquo;s:\u003c/strong\u003e\u003c/p\u003e\r\n\r\n\u003col\u003e\r\n\t\u003cli\u003e\u003cstrong\u003eWunschtermin w\u0026auml;hlen\u003c/strong\u003e: Beantworten Sie einige Fragen und buchen Sie direkt Ihren Wunschtermin.\u003c/li\u003e\r\n\t\u003cli\u003e\u003cstrong\u003eOnline-Arztgespr\u0026auml;ch\u003c/strong\u003e: Ein Arzt ber\u0026auml;t Sie ausf\u0026uuml;hrlich per Videogespr\u0026auml;ch.\u003c/li\u003e\r\n\t\u003cli\u003e\u003cstrong\u003eRezept \u0026amp; AU per App:\u003c/strong\u003e Ihr Medikament erhalten Sie als Lieferung nach Hause oder zur Abholung vor Ort.\u003c/li\u003e\r\n\u003c/ol\u003e","tcOffCanvasMandatoryText":"\u003cp\u003eEinen Arzt vor Ort in Ihrer N\u0026auml;he finden Sie zum Beispiel \u0026uuml;ber die\u0026nbsp;\u003ca href=\"https://arztsuche.116117.de/pages/arztsuche.xhtml\"\u003e\u003cu\u003eArztsuche\u003c/u\u003e\u003c/a\u003e. Senden Sie uns nach dem Arztbesuch Ihr Rezept ganz einfach per Post zu. \u003ca href=\"https://www.docmorris.de/rezepteinloesen?navnode=redeemPrescription\"\u003e\u003cu\u003eGleich Freiumschlag anfordern\u003c/u\u003e\u003c/a\u003e.\u003c/p\u003e\r\n\r\n\u003cp\u003eDie auf TeleClinic angek\u0026uuml;ndigten \u0026auml;rztlichen Behandlungen \u0026uuml;ber Telekommunikationsmittel beziehen sich nicht auf die pauschale und umfassende Fernbehandlung an sich, sondern konkret auf bestimmte Krankheits- und Beschwerdebilder, wenn nach allgemein anerkannten fachlichen Standards ein pers\u0026ouml;nlicher \u0026auml;rztlicher Kontakt mit dem zu behandelnden Menschen nicht erforderlich ist.\u003c/p\u003e"},"sponsoredAds":{"sponsoredProducts":{"products":[{"name":"Magnesium-Diasporal 400 EXTRA 100 St","code":"10192609","images":[{"variants":{"300":{"formats":{"webp":{"resolutions":{"1x":{"url":"https://statics.docmorris.de/static/produkte/FX5KRH16/docmorris/ps1000/magnesium-diasporal-400-extra-100-st-10192609-0-1714036460341053.jpeg"},"2x":{"url":"https://statics.docmorris.de/static/produkte/FX5KRH16/docmorris/ps1000/magnesium-diasporal-400-extra-100-st-10192609-0-1714036460341053.jpeg"}}}},"width":300,"height":300}}}],"url":"/magnesiumdiasporal-400-extra-100-st/10192609","reviewCount":57,"rating":4.8,"dosageForm":"Kapseln","packagingSize":"100 St","baseprice":"0,31 €/St","supplier":"Protina Pharmazeutische GmbH","brand":"diasporal","badges":[],"saleConditions":{"OR":[]},"prices":{"salesPrice":{"value":25.39,"formattedValue":"25,39 €"},"recommendedRetailPrice":{"value":39.95,"formattedValue":"39,95 €"},"savingsPercentageFormatted":"36%","metadata":{"displaySaving":true,"displayUVP":false,"displayPriceInfo":false,"displayDeductible":false,"displayBonus":false}},"available":true,"defaultSaleCondition":"OR","onLoadBeacon":"Ly9iLm5sMy5ldS5jcml0ZW8uY29tL3JtP3JtX2U9dU0zdGFlamtzMnhQOFMtem1xdjdOUHV1ZXVfTTlvWmgzRDZiSmVzVWl5a1VqNmU3SHExcjlvQXlBX1BQZ0ZoMzh2ZDVuRDY2eGJxQmtUNTMwanZNd2RiR09Vci1vTXNBYmU3Tk11aHI2dzVfZDM4a2Z3UmpSdXAwNnFtM0txWGhIb2JsYXZUbXJKNXFzRmtEWHg4OHYzazZWMVVSY1lZZjkyQ0JBS1luNUhsTVh5eGpJRklIS2dkTDhyRHE2MXFkVmtrQ1dQaVltMlhkX3VFcThCQWFRUGpCRUpERUV4aXFiWWpvSUkzRnVXYTgxaXFTaHVOd2l0bEljR2FsUDEwMTZIVXlaZzhiWndkX0Y0N3ZLZ3hIZXA3YUhYV3BzUFN2XzFTWHoxWDNFRk9DRHp4WHpnSHFIX2xxZWlDUnh4X0F2NmpoVzhwazc2cGRuWUgweXdBRFI5NEhudzhzYTBRT193QVVMVW9nQzFjJmV2PTQ=","onViewBeacon":"Ly9iLm5sMy5ldS5jcml0ZW8uY29tL3JtP3JtX2U9LXExZkpDclVBUDVmYlpXUExaM3Vsd2VlUlJSM0JsTWczeHZFcXpzS1ZtNlhzREZPZ1dTVDZHZF9GWGtXMDg1cGk3RElISWJQVHZMb2UzNjNWQjZrNzM1ZE9XNTJZbnZKU0kxbHhaNkoyMUZPUS14aEUwbU43TWIzaTR0Y1dYM3l1WlY5XzV6bEFqNUMzc21vTldXaHpsQk1RUThRc0NlZTQ3SGtXaXVkZnloYVBySWVMTEw4U2luZjVjeS1pcWlta3ZjZGU4cUdETEVTME52c21ISk92d283NXlpaFJFbmlJRjZ0blNaS0Q0OC1TV3FHSTRZcWgxLXVQQmFhQS0xNFJ2Y3JPTW5KYUZCMGtqa1Rlc1JZZjJnQWhkWXRMQmNtaE5MaU5vNWxQU2xMc0hhMFlabWdKOEYwMERBa0VOY3pfNUlvSFlnRUpOa0N6WXhUMGNraTlPMFE2cUpUckI4dkFPWDJDalUxLVVaSDVKUjF0WFZmYV9TeUhFR3Z5cVItZnBoMWdBMk1kVFdaUjB3c2VTUUp0USZldj00","onClickBeacon":"Ly9iLm5sMy5ldS5jcml0ZW8uY29tL3JtP3JtX2U9MFdFbHN0b3ZmYUpRS3djeTJ6LW8xbzdkNUlaZzZ4SWxrVnFGSTlOc2syS1hQRHVQS1NHNGdocnhvd0dWZWEydW5od05xSGpSd2hyUmlhX3d0YzU2dk9mMVNMNEtMNXpURzdsNWlaN2xCVUhSYV9sRU1lSms4cHdsUjByb3NkcUltY0FMNjZWd3FuNHhXbUNzdE5mUmNNSUl5TFgzbl9TX1BBaDdKN1dGaUdUdTFneXhyNlY5bkJtbnI5eFhRdmlpTl81OHRSS1pFSnZ3d1E1VzFKbDRVRTdnZFE3SS1rYmc4S3NlbngwYjFfOVl0QWk3MEdVWEF2dG5lS1ZDMWNsUXhCVXYyN0ZxTUFEaVphZHQ3QUp4TVlHQ0s3Szl4c1pmVFpoVVQ2dF9MaC04cTd6VGhmaTNwdmx4Y1UtZDVkN3Z6dzBPZU85a1AzMDUzOVllN2lNRkNvQjhRVXltcFA1MnBSRjhKQ09aMHdYSlk2Z0VYd3kzeFg0R0Vpbm5ZOF9QNUhzTm1TUjluY2FWQ1FQTmszTzZVUSZldj00","onBasketChangeBeacon":"Ly9iLm5sMy5ldS5jcml0ZW8uY29tL3JtP3JtX2U9NmFQX1I4SnQ5UXBzQThzRzNyUXBjSjFLbVBkeEJuQ1Nwb3BHX3BlRGQxanlEN3ZlWXpVQnlaT250QjdnSGlOX0RxelJ0LW9nRWdLUW1PZUlwZ2NBdXUzOHo0c1Y1cjdzZWJfRU1MTWFyYXZpd0RMVXJKZUVXa2xKbk5kRnBOcm9qVmRiU1YtOGFIenZoNHlJcXp6d0RBcVhta0lmWFgzTWtGckVHWXpZNmZMa2NBdnV0dUJUZnd0WVUyUFBZSTA3OVNUSjhoNEkzM0Ytdnpodlc2TmZwOXkwbjR0M2I2QUFRZDVUODQ2ajl1dlpYeUFiQTFaZHJRaGdlMGZXalZkZ2JIU0NERlR2dXFOWjRLcXdJMlBsOGNfNWp0dmNmYW1EUTRPUnBtcml3aUpDWkxQdnRBOTREUHB3THU1Z0I4MmlsSzlWTy1pajNFOS1sbmRmaVpPWXEzaDFvcVFpSnlRM1pTM09tbmtxX2M1b2FhblI1Q2xyMndGeXNjdi1ndWZmLVByT3pCdllNa2JWT2RObUVjVFMwT3QtbTNIM3BhSUR5U3RrdXN0Wkg5WSZldj00","onWishlistBeacon":"Ly9iLm5sMy5ldS5jcml0ZW8uY29tL3JtP3JtX2U9ODVqaHdtQkpGZ29UX3Q5eW02VXpKM1dvcko3ZVFuR1VYY1RNcjFBdmo2WnVxZTVRQThhdlRzZzVHSzlzck5FbEFvZ0tCc0hXYWRPTDhaTS1YSUNqM2xMUlIyR0M0UFlobU15X2RfY0ppTnE5dkQ2amkzNkxyRzVtd2MtQTBISHZZTWJkeFJrRkhudmhXdGpCS3VsWFFqVUw5eTI0X2NkMGNVYXlzUm1fR3JEQ3h2Q28za1Q3M1BsR1hhWEJ1QWl2U2pYYWRRUjhpMGgybURpc252a0c3Q09yRDhCeEtsM1FTQUlQRG5LTTN2TmlOTG5lUEdDYzRXa1JGZzdGcmRxUEE0NDhLMEFYLWdZeVExQ1dqZlQ3b2ktOWkwNDM5UDFhYlByeUo2X3Y5Vi02N2EzVkVWRDdNMXlUVWxjNWQ5M0J2SnlXVC1wNHM2R2lYaFM1MmRYcEVSaWNmcTJCMlZ0YzlaZ0xOWG5SNzA5RjhmWUNUZDJST0FQUDN2Q0EtekNCN2g3NlVpYlczMlZhZF83Z1V5a201USZldj00"},{"name":"Thomapyrin TENSION DUO 2X12 St","code":"80028314","images":[{"variants":{"300":{"formats":{"webp":{"resolutions":{"1x":{"url":"https://statics.docmorris.de/static/produkte/CX06F14L/docmorris/ps1000/thomapyrin-tension-duo-2x12-st-80028314-default-1714112490863304.jpeg"},"2x":{"url":"https://statics.docmorris.de/static/produkte/CX06F14L/docmorris/ps1000/thomapyrin-tension-duo-2x12-st-80028314-default-1714112490863304.jpeg"}}}},"width":300,"height":300}}}],"url":"/thomapyrin-tension-duo-2x12-st/80028314","reviewCount":141,"rating":4.7,"dosageForm":"","packagingSize":"24 St","baseprice":"0,41 €/St","supplier":"A. Nattermann \u0026 Cie GmbH","brand":"thomapyrin","badges":[],"saleConditions":{"OR":[]},"prices":{"salesPrice":{"value":9.89,"formattedValue":"9,89 €"},"recommendedRetailPrice":{"value":14.98,"formattedValue":"14,98 €"},"savingsPercentageFormatted":"34%","metadata":{"displaySaving":true,"displayUVP":false,"displayPriceInfo":false,"displayDeductible":false,"displayBonus":false}},"available":true,"defaultSaleCondition":"OR","onLoadBeacon":"Ly9iLm5sMy5ldS5jcml0ZW8uY29tL3JtP3JtX2U9RkJfcG9abV9DamJnWGJHZ1d6bnFIQnhVX1c4REgwazNiN1FITHkydTlhcUdJdmFlSk1kVTBVa0l0VjdNMWJqLVBibm1iOWVKZmlXem9WTEZCTmRGc09OMDdfN1d5UmZaamYyYXNTQjJjTVhsb01RWXVzLWNzeFd2S2dSbk9NcWNFdExsYlZLMmZZaVEwRzNPbzBDejBpNjlkY0RJcDEyblpybmNyZ0tpaXhWbE4yekQ1S2pVNGhpendBTVZnUVJSZV90R0FvMlNDQU1CU05uSzZkU3V3el9pLWJnMElCbTFxTnVtSU4wYmVMbl9zMW5Idk9uMmdjMUluMVVNTDRZTy12N2tkZTljQTdsS21YR2RXaGFGRUliN2w1ckl5aTJncThOMl9yZlh2RDhXTWhEbUdreGl5dEVRSUZ0NTlkeTEzZWFWRTVFOHFiYXMxYTJ4LUV4NGZzVk1vMG1DcVFHMFc4cUxMdm15aGl3JmV2PTQ=","onViewBeacon":"Ly9iLm5sMy5ldS5jcml0ZW8uY29tL3JtP3JtX2U9ZlZ5Y1R4TjR4dk5oNkl0bVppQ0MwUXhrRXFTalpOQmhtMFpNUXZHZ1dQQW0xY3A4QTlleDRPT2JieHJCOUpPWkpCemlOMmZhMFNrUERCc1d1SXQ1ZTNHczVWYWtGUzBEbWdVdjFYRkNKY2FfN3RHd2k3WEtQdTZDTTV6MGRrV3Ntc2ZRMVpSeUM1T2Q0cFIwdl9KckgwZE9Jd3FSem9ERDFkT3hwNlRWWkRPWTdXOGZuZG5NVENQV0diTERoeXIybWxhb1pEbkFZazlTSXN3ek9MX1N3LXRjWG9LVTZhbTIyYXdNSTZ5N3RVVVlfcW5jbnJaZ3p6dFdVSDcybl9EUjlLWVRIeUpBeEQ1c0hsS3lVbTZjenFrTmVFdkFWaU9fUUlycGY3UjZucjNtS2huTDVkcTdDd0llQTF1SFhUT1dCMDQ4emVhem1Wbnp1RlJrY3ZuMzItOXFhaE1HQ2k5bDB1cHVuQm80X3MwdmdKVVExWVB0dWo5ZHQ5SWRvQkpVJmV2PTQ=","onClickBeacon":"Ly9iLm5sMy5ldS5jcml0ZW8uY29tL3JtP3JtX2U9TVV4Wi1hY1c0RThTRVVfYWhHeDNvY21TWlZRUmlJX0U3Wk1qR1ZBMUZtOS1rQlgyekJHTEduOHBvdC1lR3Z3RTRrUmlfZ3NRcU1IQkRPZXIyZ3BaWDVjVTlpd19GNlNKcTU5QjZ6eDR6WjFWNzJKOGhrUF83UVZPRzBuS0NLM01pLTZUcUZqUnRuOWNFWVR2eTNTaDhVTk1fWlZqUTgzT3JTeFFaWlNvNWV0S3lmMkFSeUNuVV9JZEFiU1VRVm1udW5rdDZYQTVNVi1qb3pFdHF1MGV4MFl2OS1uMHlUcFpGNmZHLWdabERnU0szQzZUZ2cxTnE1Nzd0dUkwTldkeWEtSElUWlZCWC05RlFkd1M5aWJWT0RKeXhoamlIcExTd0xzMTFRZDFjd2FlZ1VTR0F5UmR0QnNsYXBVQllqUGlYZzQwVTNGVDdJU0dHMzRJc3ZQaWQzSlpzZk16X3o5Y2pOSDdHYUU1R3duUFRqRG01VVl3QzFvYXVBbDNyWGw5cVJQTkJva2RMVTZlTVg0Ty02d0JBdyZldj00","onBasketChangeBeacon":"Ly9iLm5sMy5ldS5jcml0ZW8uY29tL3JtP3JtX2U9djJQcWhSelg1S19zQ2ZTN05zV3U2akpjNVhhc3RVc2Y0ajM5RkNLQ2FuYmw0WkhWcVo0NEhJX0ltbTg2aXBiUGdvMW8tYk9peG9XVUVLRmF1WGRjUmpvRW5lWlZlTWdlczZad1JHaWpKb1ZSaC1sYldhVUJ4MVRzVHZwcno4Z2RqRXQzMGpuRDhjMTFZTjBBaUdOdE44OV9fSkhzdG44eGZkMDBfN0N1MU5uU1haWUV0UjctRXVSS2RtVTJWeWZ5andmUHhjd1ozTW1xbXU3ZzBKek1wTWo4TzZmeTNaT2o5azJwcURjc1FaRVpOd2lFZHZlUHMxR0VVTGw3TE1XRWg1dXdqZXZfbEhPd0RWUUVNX3c5Y2dnbWU1NURzVGl4dWViU2Z1UVNQbmhyU0xuSHliQ1VNREVBSl9ObjNIaWZLQWZQX0NvX3I5Ui00WlV0WmVudXFQY2Jqa3hTVkNIYXg5WkNhWHd6NnJoZEVQT0hRQXFENm9sbFFMcmJnaG51Tkk0R2l2cWllSGJnY3BIMnBnTHdlUSZldj00","onWishlistBeacon":"Ly9iLm5sMy5ldS5jcml0ZW8uY29tL3JtP3JtX2U9cDc4b050OUp4RFFCZXpCVkZvUm53ODdyQ19zUDhmamstN05BTXhIdHdHdmFmOGhfanY2R05TWlhHTTgtMzVJdVJUcjZPWGlfVG5sNTNBZlR1bFd1OEdtNUgyUVplOFRFNUU2a0xXN05LZkZXNFFTcTZmREs4Rl9hTThrdTRsVFJld19NSzZNNzR1bzNYRDNiM1RzQmUzMTJ1b3FDVEJKWENlaWVpUy1NWTB2WWNheHFBanNsY3FIdUtBV04xMjFabUFTTDczM05aaWFaQy1pWHB3aUUtVllkNk5kbFBmYzdmZ2NqZk9CRXdoVFRtbDFWUF82VEZKenJ0enBLTE5FQkN0ejJsTkFpRGhib0puN3gxTHZkRDFGRGFBcU9XLWdCLWotLTk1VWxlS2lUUVhUcnlVRWl4M1BHYm9jNl9jcXo4dUU4UTBQRkhYa0JCTVN4ZkRMR3J2QkhkZFpkNFBjWUFJVjNQVUt3OHhxN3cycWtoWlZDVk9hNHAtc05JbXU2NWpCN0dVSzNULS1VcTNFb3ZtLTI1dyZldj00"},{"name":"Dr. Böhm Gelenke\u0026Knorpel 60 St","code":"15398072","images":[{"variants":{"300":{"formats":{"webp":{"resolutions":{"1x":{"url":"https://statics.docmorris.de/static/produkte/LGMMC4K3/docmorris/ps1000/dr-boehm-gelenke-knorpel-60-st-15398072-0-1714049936780084.jpeg"},"2x":{"url":"https://statics.docmorris.de/static/produkte/LGMMC4K3/docmorris/ps1000/dr-boehm-gelenke-knorpel-60-st-15398072-0-1714049936780084.jpeg"}}}},"width":300,"height":300}}}],"url":"/dr-boehm-gelenkeknorpel-60-st/15398072","reviewCount":2,"rating":5,"dosageForm":"Filmtabletten","packagingSize":"60 St","baseprice":"0,42 €/St","supplier":"Apomedica Pharmazeutische Produkte GmbH","brand":"dr. bohm","badges":[],"saleConditions":{"OR":[]},"prices":{"salesPrice":{"value":24.99,"formattedValue":"24,99 €"},"recommendedRetailPrice":{"value":29.9,"formattedValue":"29,90 €"},"savingsPercentageFormatted":"16%","metadata":{"displaySaving":true,"displayUVP":false,"displayPriceInfo":false,"displayDeductible":false,"displayBonus":false}},"available":true,"defaultSaleCondition":"OR","onLoadBeacon":"Ly9iLm5sMy5ldS5jcml0ZW8uY29tL3JtP3JtX2U9UUtlZHFaa0FWU3lHMkZCek1JQk04UmNZVVpOLWVxUFcxN05hRmtZLUVSUDlOSG9lUE9oTXNRRW5kSkxDbEtRdTA2SW1ZQk5TRzloWXVycTBpdHJvTVhZRzJ6TWZrekZDTEZzdGpCWnFSeWNMNTNKVjJTUG5rLTNhQ2x6WGlKd1VjZWREUTl3Q01BQ3NYZzlKcXRnd0Z4cElseUNwc0RBNE5uMTBNNFBZUFFUQndtWTBHUU1hajFIZDRUc2ZQOVVUT21ZSVJQdjNsa3NJZWNGV2Y1T0lBMTAwNENrVmFqVFFVcWx1bVppODdEMjdiSHhhRVY3SmVWVVhLSnQ0a0xEU1Q1ODJQRkszNGxaNTNPUURTOFVNR3NCNnZIbE0tcWgyTlZNbFpoRTg2LTUtMFpwa3p2TXkxS0pJc1hXTmowdDNadGxaUGRqd0M4RzhjbVpKMFpyNzdwOXhKMzN3dnRCVlhCbUtDOWtENllRJmV2PTQ=","onViewBeacon":"Ly9iLm5sMy5ldS5jcml0ZW8uY29tL3JtP3JtX2U9S0FnTUpIczJPNWpiNzJhekNUSVVOenBnM3BzUEMydS1TUWk4Qkc2SVA0amVoV29QaW5xcmdOQWdjUGpOWEdTSGdxLWgxVzROYnRRYVNNdFhKcXplUUdtdTRReGN5RlYyVXF0NmdDT3psUlpDX1FvOWtGZ0R1QVR3My11SEdrT3Q5X3REbUI3MDR5ZFlkbDRaLWZyam45RmNSTjl6SE5ZLTJCM2tHQ2dUMkYyb25WdDkwOF9KSGJaR0gzTThXWkk3ZVo4VEs4dGtkWG1yWktTQVV5bkpuWVNDTjdPWU8wdFc3cEpNaFA2QUxXc2dIdmg0OVV5UkhRSFIyamp6aHJoWXItQnljUU0tN0ptQ0xHNENnOHFJdGgyd2Noc1ZGNTJzOEZZT19KallRTk1haUllQWlVS3l1YjUxNWgyd20wRGthQTdXeFowUVpsbGxSS1BFX1BMWmhqd1Rob3hsZFdfRExza2JvYm9WanAwZFVtQ2dhX1JmdG5FVmpfc0dCQ2tLUnlUZGwtRktwYnI1UzAxbHdwbnAyZyZldj00","onClickBeacon":"Ly9iLm5sMy5ldS5jcml0ZW8uY29tL3JtP3JtX2U9V29OOWJkM1ByMGJ4UDk5M2k1UnpDNW8xUEoxM2p2a3lvOVhFWENEOFNDVDZWTnlFSmM1aGhYWHZsblJiRzNGSUtZUkgtVVJUZENQMWZQbVNrTkM3MlRLVUU4YVJXYkFOajlYWklvVXdIOVd4ZWJsSEZDTnhqVlpfS2hsRU92a1BvalJtaDBxemFOZXoyMEJ3clg3UFNHQTJlRGxmemxkMjFYWmFCVDhZMFEzMWtVUGxoMmd0TTktZjAxOC0tNkpYdVZiem43bVlKN05SNXdjNFNKdC00UXZ5ZVZMZTRfU0haaHR0bnBtdkJEYXd4c0tfQ1czX1lLWEwtM0VCN3lvd1ZwR3V2SHVOZW1qOVFfakhDNG1mR2tsT1BxbXI1MnJtT214SDBLOUNUTHBRYmpBb3FianJGNU5ERThQWjEzeGZ5cUlKOEt2QzhiU0oyRElDcDRZYkRPSzF5OEpRSTBKUURPV2V5b3hLdXVrQW83Z0RWcnFaZVdxVFZHbUpPbTJYZlA5dFBBaTdIdUxJTHREbl83QjBsd2t6aGl2amYzUFRZc2Q4eHVPT2JCOCZldj00","onBasketChangeBeacon":"Ly9iLm5sMy5ldS5jcml0ZW8uY29tL3JtP3JtX2U9ZFZkc2Fzak9tLUd5UVZRMGYySFdUOTVKRXY5ZXhCejY3RE5YMmJ4a0VQTU1hV1YwaDNLaHlzck5QOEJZQkhDcjlKNGRsc3lYejJnYjhlZWdMLTVCUnhveG1tR29Cd0NQT1l3TV9XN3NpVXlGTHV3ZjhNQlcxNjJNamZ0Q3ZiN2RYV2ZjcXpfSm9hV2NfakxNR1RZZVJiSmg1NExiLWo0RnI5M3AzN1Y0VmZvMmx5TTlnb3FhVWtLZ1g5X0Z6SG4xdmM3U0U3S1EwYW5Nd1FOZzR3ZTdVVXNFSjdsMVZlWGlaZkdsb3FBWmZ6ZHpCTVFleVAwQmJjSzlLVnM2d0pISzEwcWI0VGNxN3JsU21tTm9IUTh4TmlnaTVSSzhLUzFzT3F0NUdhWW9iSGZOeE1rQjF0MnlKYXVKeE1BQkZNVXp2M05QcWhVb3RYR2hJMm91c2EtVGk3YS1JSjM0SVhwa3Q0Y1NBOTFkU1lwSUxVMTF3ai1DRzNyd0ZVeGJ5SldBdlhvZnNhY2dxOTlMdmZ3MVJpcU9KS1JySHpQTVVQMUt3MzdBckhJNVk1WSZldj00","onWishlistBeacon":"Ly9iLm5sMy5ldS5jcml0ZW8uY29tL3JtP3JtX2U9VHAxU1dRZFF5N3c4MXdYS0VxY0VUWjdmZU9DWmZnalBNNEhZaVAxR0ZhUTJVVEJDM3g4SEgzUTNJRFhOcnFMRjNXdnd0ektqcUZlUUZ6SnlZc3YwVWFIajJjS3RsTGhxYWxLSE5nUll4ODZ3M0Y0Z01yVVNqY29UNE5rUTYwbmFLcFJWOHRzZlBKMHM0ZTZKaGpteFVYaGJYTzNoNTdhMXBCQ3VvcjE5c3BQQkJhamktZ1V2NE10VnZESjRENng4OW9qbV9TU1hiZnBaTjA5UXVQM0Q0TklicGZoZ0JMN1ZCLXJFbkVCck5BZ1V0VnVZcWVNeUEwZlpkT1ZVSDF3bzdFOEhqcGFUQjVmQkNuSHpudVdoRVpvSHRINlVWcXV5b1dxenFHMmc0VXNJNW5IUENEcnl1dnFpSWZicmttaWx1UWZiTzBJTGY3Q3JfWUFpaHVyeVNjWWN2UGhrbjdYNTlBQ19HaldqY0NqME5MaWVGdFpCWjhTVlVZNWkzMHY3Zi02dmZUUmIteF9GdW5zNXFuaW1UZyZldj00"},{"name":"Thomapyrin TENSION DUO 18 St","code":"15420191","images":[{"variants":{"300":{"formats":{"webp":{"resolutions":{"1x":{"url":"https://statics.docmorris.de/static/produkte/FX5BXTDG/docmorris/ps1000/thomapyrin-tension-duo-18-st-15420191-0-1714050057624431.jpeg"},"2x":{"url":"https://statics.docmorris.de/static/produkte/FX5BXTDG/docmorris/ps1000/thomapyrin-tension-duo-18-st-15420191-0-1714050057624431.jpeg"}}}},"width":300,"height":300}}}],"url":"/thomapyrin-tension-duo-18-st/15420191","reviewCount":141,"rating":4.7,"dosageForm":"Filmtabletten","packagingSize":"18 St","baseprice":"0,41 €/St","supplier":"A. Nattermann \u0026 Cie GmbH","brand":"thomapyrin","badges":[],"saleConditions":{"OR":[]},"prices":{"salesPrice":{"value":7.29,"formattedValue":"7,29 €"},"recommendedRetailPrice":{"value":10.48,"formattedValue":"10,48 €"},"savingsPercentageFormatted":"30%","metadata":{"displaySaving":true,"displayUVP":false,"displayPriceInfo":false,"displayDeductible":false,"displayBonus":false}},"available":true,"defaultSaleCondition":"OR","onLoadBeacon":"Ly9iLm5sMy5ldS5jcml0ZW8uY29tL3JtP3JtX2U9cExsT0xSZzZJamhGemg3U2E5aG4zdFRVVU1VakMtZTFDcG9ram9aakxYTUdxY192WHh0TC1FaU1UeGNxdkFYVmxoWFdFNFZwaE1JeFNBUWtJZldUVE1TR3hLSXRpRjVaR0ZlQ2l5R1k4QkNXZENJZ29xSVY4Z1VOSXAwNEgtVVZYTnpjS3hfZmZNNS1pUExxek50LWdkUld4VXR0RHZKTGpBWTlCNDZaa2RiNTVhR3ZpbV9LWEtDYkhUcE03aUtUcnJRNU13Y0dveFBxb0RWZlJNbjBkU2Y0ZHMtQzFnaVlrN3NLQkhjcF9DdlNVNnhlZ3AzYkt6ajBvVS1xZlBIMnJNRFQ3amVtNGszOXpfQjVNNGlaSFZHOFNVek9UZEcwMlRpZGRjZTdYMUpCLXgtUjZvWkttS1BhTkg5Ujl4bE9DemdzRVh3Nkd2c1dRVEZzZEh1V2IzaENpVFI1UUEyWWRNWDgyU0dPRGx3JmV2PTQ=","onViewBeacon":"Ly9iLm5sMy5ldS5jcml0ZW8uY29tL3JtP3JtX2U9N0hrWWZjbG5lemJvQ1lqejdrZk8ybTFUcTJxODNqUDZnTkFtWTBhTGxzQjhkajB0V29meVNYSjBaa1g5MXlnekFFclZxVlZRTUtMaTZiaXZtYUw4YWNUTTZadlJITzJvNUcxdWk1T0EyS1NOUVhUQ1BualZJZ2FseVFtamJ1ekNzaWpvUkdhaWtCZlZmREt4bnQxM1dxZjRGSjZqbldQOTVZVmtfYndTcWwxLUJ4aHVHN2xaZzl0eTkxY3Y5eXJkR3RoZXk4TndNaEQyU3FPUVR3WnV4Mk9OcWl3QnlpenZpRjREeW92dkdDUjM0ZmhDZS1GSU1XWWNuSVpmSUc3dVpmMmgteTNyTlU3WHFldXp6LWpGaTd2NVdMMzM5am5kem9qMkFhZ1VzZ3dCbDF6MzdTUmY3YnI1ZHRpN2FHbVZybUhTY3VlaDNMTmxfYVg4ZUh6TTBrRy0xWWEwa1QxdERRR3hiMnZXMnk3ajh0WEJOQmxGbmFvZnV4N1lJczdEJmV2PTQ=","onClickBeacon":"Ly9iLm5sMy5ldS5jcml0ZW8uY29tL3JtP3JtX2U9ckQ0NG9yQW1JWktpWDZhQkVaTjZ0Q1Zhc2g5Ums5eElwY3ZscGJvb295QVBRLU5rN01TZUNncTgwUmVXQmp0Y1hsMFdpWFRwRTgyRUtTbVJLakFLOTF0R1FxclU5UzI3MU5zenM5UGc5LVpyU2N5Y2ZzTFlKMGFFeUhWN1Q2OXMxQmNiX1V1c09iM2UteWV3SS1oZjRsWXJKTzlubHJya0ptdXItRWZwbFViZWtFVkI1aU9MM1h1MDlOV3lOQWtYMkhyWVRuRkhJS0FqanlmaFRVcE9BZ2I5ODM3M0JCNmdPY2c2emRnUm4zZHdMbXBuazdqVTJlQlkwVXluQkF0YXVuR1VDeE5tYlBtbFR5LVRydjkyUmM2WW5uYmRZTXhxTTBSQXVNRlI2a3ZhQTVnQjVmSGdKOEpoQUFzNnl3QVkyU0t1TjY0OHhudVltcmVjWFkyNHJQRmpTSUp2c1BUUTlHc2Jrb0VEbjBwb01wTzlDc2dBUnoySVphWXRLQlU3UWx3N2l2Wnl2RXZqZmZmMVBmNllRdyZldj00","onBasketChangeBeacon":"Ly9iLm5sMy5ldS5jcml0ZW8uY29tL3JtP3JtX2U9bnktcEVBNmZGQzdrNjZkc0R0c3haM2Q5V3RkcEJrYUU4MVpaRWxxUWtPMzNvR3haMVgtalN0aWRMQkc2M3NBd2JaREVKeHBsUzd6R1Q0SlNqaHV1dzEtUW9FcTB5cmVXQUhVMGhKckxyNzJUVHNGVUVuNTUxXy1QZVFGMXpyTGxrU2wwa3NHRHAzdmpzcWpjZDE4Z05OWHJsMUxzWmRmTUR6SWxUNGVLLUZXMlBicndjek9MWW9xYlF1SDFVU1JKdHpOQUR3SXh3dTFXQ2J4Ul8zeldJVXFNWEg2Zlp5ZTh6WFN2ZzBxSzA4dGtkV0J3eVRadkpIZDlyZXJhQnh5cXVIVmpFX1JYR2lrQTlKZHg2dVRYZ1Y1VmxGaHFlTFJPQ3gwaWRvOVAzOVRBZUtYdWRBQmFUcFR6aHVjZ2FfQmNKS0NSd2JlcnRnalctS3BiQVdKcVctdHptMVk1NHRmZC1ZUzJraDN0a3U3XzZMbHhsbFVTSFB0TmFrRDhrOTNhTEtuYXpMN0Vzcm1HbnItaURua3JuUSZldj00","onWishlistBeacon":"Ly9iLm5sMy5ldS5jcml0ZW8uY29tL3JtP3JtX2U9cG1WcU9ITl9ncndFV0p0Y2JhRm5IVlNLUHZyY2NQTWtCc002X1FaY3ExcUNQUkNqRVJMYUxBZ3EyZlFUbTQ1QlpMNHV3MFpFTDMwZVB5LVp0RXpwMXFwUERGUDNTVzRMNVRWWGVZRWFYSTBjdWtfSUVUa0tRMGdHS3JaSTR1eG5WTXFjNlV6SXJXZFdxRVd4d3dWU2UxMW1XMUwyLUpDeVJpdUFWYkt5VTBqY3Y4UjJpS3VaZFQ4cVliTWZUYV85NS1uM1BJVW1La1dqUVg5VUdtSFBqR3lxd1NFN0lIZnZfWFJVTmxNOFQyMWs3eVdDeUhnN3FnZk9RQnl4NUZsbnNuOTRqQ25JNDFIb1VhbkViTTJpLUd6T2llM1FLWHJFNXd4cXpvUm42eVN4c2pkc1dCcGRKSVFpYVRPVTJkYjZ3Y1pnYzNteDcwV19sczJlYmZPU250YXRvdWZZSE5hNEQtNWJvTFU3MXdHOWd3MDRoZHZJVnpyM0R2bFRQN25hYTh2WFZHdkxmb21UdTVYem9LQUREZyZldj00"},{"name":"Magnesium Diasporal Pro DEPOT Muskeln und Nerven 30 St","code":"18160129","images":[{"variants":{"300":{"formats":{"webp":{"resolutions":{"1x":{"url":"https://statics.docmorris.de/static/produkte/Y8KNP11C/docmorris/ps1000/magnesium-diasporal-pro-depot-muskeln-und-nerven-3-18160129-0-1714111505988343.jpeg"},"2x":{"url":"https://statics.docmorris.de/static/produkte/Y8KNP11C/docmorris/ps1000/magnesium-diasporal-pro-depot-muskeln-und-nerven-3-18160129-0-1714111505988343.jpeg"}}}},"width":300,"height":300}}}],"url":"/magnesium-diasporal-pro-depot-muskeln-und-nerven-30-st/18160129","reviewCount":0,"rating":0,"dosageForm":"Tabletten","packagingSize":"30 St","baseprice":"0,52 €/St","supplier":"Protina Pharmazeutische GmbH","brand":"diasporal","badges":[],"saleConditions":{"OR":[]},"prices":{"salesPrice":{"value":15.49,"formattedValue":"15,49 €"},"recommendedRetailPrice":{"value":18.95,"formattedValue":"18,95 €"},"savingsPercentageFormatted":"18%","metadata":{"displaySaving":true,"displayUVP":false,"displayPriceInfo":false,"displayDeductible":false,"displayBonus":false}},"available":true,"defaultSaleCondition":"OR","onLoadBeacon":"Ly9iLm5sMy5ldS5jcml0ZW8uY29tL3JtP3JtX2U9dEhvcEVlZGljM2FhcGtsOFJZbC1DTWVSSHRHZWJUU3M0OEYwZHFTNmpIdlZkUTd3SG1vbjc1SDJVVWtyOTVnZDcxRGwwTnhNQkdCdEdPUGlmZUZSTWgxMVFZMVNUSGlYWVhkbUNabFM4N29iV0hOLS1QM1oya0tGWjUzbTB2MF9RclVoQmluUnVBUWNNT3lQbWtqWWZSc2JfWDhIX0szZzlUMTlzc0RTMUZsQnhrQXNsbzRlMldDakJvRU92VktZdExPRTZkSkRselA5TFpJaWw3QlBDa0pUajAyQnNaVTVuLXVHNG9mVTJmQk9JMlRvdkgySnhFWVBmMkxKQzNaYnB1QmhBZWRYa2xUZUFpRWhCdnpkXy1Vd01CUFZBOUhKM09EYnRTVVBFUTZraGsxUVJwV3Z6QUNtWDBrY1dtRjlnLXlPeXJzOWJKZjlrbUdKbmhkajdLUjJYNFdZamZ2MnRBajV2LUQzNUVNJmV2PTQ=","onViewBeacon":"Ly9iLm5sMy5ldS5jcml0ZW8uY29tL3JtP3JtX2U9Vkk4czVzNEFGbFJnTk1VNTZ6VFFXUkZ3My05SHd4eG84TXI2WFFrNWg1RjJEdV9xM1E5aGFCNzczdE40VlNqVFJtbFJjdDJmU3BKb1NZZnZib2hIWnpReWp5ZEI0YW56Y3h6cEFiZjNFNnl0a2tua21CbFg0ZmN5SVlMN2lNWG5wRzhkay1iaFJxRFFCNGFFVTVQLTR0Q3prcERrUDRCcEFoLWRqWG9XU1ZJbmRhNUs2eWJNQ0p0am90cURQZ2Z6OTdkcTZLaGhPVWtENHlBV3ZwdnJPZ2ZkZk5rVUxYNDNaZVE3X1dUUXA5bGx2YTdoSWpkcXJIdC11aFhiVllRdzlOYTBVTkNTcW1XR1BxUnJqcUV2TjZyUHdHbExnRXF4d3M2WmFuQ2lyZ2RWdl9aeG9HeHpjM1pzSXFQdVo1N2ZRaEc5aEFOdVp3M0czRGVsMFhiMXZ1bWE4M3dKN2VianY1TnJycXBOVUZzZUl0LWZVWWhTN1FwME95UjNDejhxJmV2PTQ=","onClickBeacon":"Ly9iLm5sMy5ldS5jcml0ZW8uY29tL3JtP3JtX2U9ZjFoMXlsb0pYUW9ndTJUbl9JdkVMUXhGYy1PTk5YMGIzN25yNFVnLWxKWC12NFd0Um1XTzJhQU5sbC1YMWxKMmtrQy1id3JZanhrZnZsODlneTFjUUFLOGk2eVFrM2VwZGJSNWtPNHI1QkFRRFRPMWRscUduVkZFTmt3bHItLVpZcGtmeDhJVjZSVXVPOXN0UzN5Vk5rYkFIWmdnSWN6T1lfdVVkR2RmYS0wc2ZPYk5GM19DQ1M3TWdCdWRhQzJfWnN3c3NoTHY4WmFIU3AzbU9DdnpRak42OFFOVUd4U2FuZEktSFR0eWVTM1djc0NqUVhfbDVRbDRSOE83V1RMdVdqYlFrZXBmYVpaSzdmV2hTb0Q3NjZEYUtMbWRmOUd1bXFDeDZFdjU4NHBRVE1FTlFyNmpaeWt2ZUVWZlpTbXowVGw1OTItRkkyd3dHbFlZbHdCNExaQ0RWWEZqTXpnRElJQ1lvYUR4WU5yUTlFLWdDYlQzTHJQdXEzMDh6MUZpeTZLQWRjcUtxeVRfNm03X29BdjhwUSZldj00","onBasketChangeBeacon":"Ly9iLm5sMy5ldS5jcml0ZW8uY29tL3JtP3JtX2U9MWpFYVBhY0ZqVTV3bjlyMkdTUnNOYy1vZjFucU5WQy1DSXdaQ3JBclhBNHluUjBTSFp1Wk5SUWUwWE94OVdDN28yMWltU3JVNExwZW42NWlySG1CRmRtYXdwdThTckdnUXg5NnViazRmT3c3Vmxvd1VjTUpkSTFZNmdibUxrNURRTmxPN19MT2tfSEdzdWx0cF9lOWNQQVE4SjJfaElfOThqaGdGUF9BbXkxZ09UN0FLOW55U0xRT1NLb3dTNVJRZ0FxYlRwS0NjLWVMWWJ5RklrblF3eHBmR2Q5YlUtM0JVMTZVMUJPYTVlNVo1ajJJWjhBT041czU1a0tnV29MVmZZdGJRU1FsMThHaUY3T0wyMDAzclBaMVlrT3dCcUlhOFQ1R2c5X2QwQ1ItdXJHU2JJYm8yblFqOVg4dnk2WktOTGoyeDJxWkdib2RwLVdURU5IZGRuc09pUFUxRGFEekYxZVJmVXZ5YmJVY2V0VDhlUWVfczBhMHJxSzJROHlwVGwxbi13MVJPV2xjSG1xMWp3MVAtUSZldj00","onWishlistBeacon":"Ly9iLm5sMy5ldS5jcml0ZW8uY29tL3JtP3JtX2U9cHZKT2p6b0pJN1NBOVBvelNWcExVRmZZUE4xekU1eWZfc2VBT3A1blNjYVpxRzRuQzdnTVNTOVJrc2xpU0lrNjNQUzRCcFVyY256dm5TZlA1eWtqM1hDeDJJOGU0S2ZPYmlEQ3BlT2VrVndTdHRNelI2T01DVU90UWk0VEdrTGVTZTdyUmgxZmdkWTZHU09fOUIxNTlKcWVlTGVaN2RnYUpfYlN6MEpoZktiVk50bFlTWm9MOWFQS1FVVG5qQzYyWXFZX2N4RFNaWWs2bUhiYklYa2NCVzlMUmFKSFk5Y1lhMlcwNlVMTFhnbFZiXy1Bc2Z3bWVyUzhfdEJKRmhnQUhfTVB0bTMwbkYwRklkYldUWG9sSzBQaTduVjBnVHl4Q3YwYkY2UXc0QWowZGx5b29QeWloRlpiNVQxVlEwWkViMmNVMkdwM2loVFNBTFp3NG9SSFlpUjg3T2ViRHRPbTZUckx3VUF2cDBkOUZYSUwxS19xWHZnLTFiOXB3bEVNeXBuVUQwaUVCTFVpWTRvZ3c0VHRLQSZldj00"},{"name":"Thomapyrin TENSION DUO 12 St","code":"12551047","images":[{"variants":{"300":{"formats":{"webp":{"resolutions":{"1x":{"url":"https://statics.docmorris.de/static/produkte/FX5ZH6P3/docmorris/ps1000/thomapyrin-tension-duo-12-st-12551047-0-1714043664455538.jpeg"},"2x":{"url":"https://statics.docmorris.de/static/produkte/FX5ZH6P3/docmorris/ps1000/thomapyrin-tension-duo-12-st-12551047-0-1714043664455538.jpeg"}}}},"width":300,"height":300}}}],"url":"/thomapyrin-tension-duo-12-st/12551047","reviewCount":141,"rating":4.7,"dosageForm":"Filmtabletten","packagingSize":"12 St","baseprice":"0,52 €/St","supplier":"A. Nattermann \u0026 Cie GmbH","brand":"thomapyrin","badges":[],"saleConditions":{"OR":[]},"prices":{"salesPrice":{"value":5.49,"formattedValue":"5,49 €"},"recommendedRetailPrice":{"value":7.49,"formattedValue":"7,49 €"},"savingsPercentageFormatted":"27%","metadata":{"displaySaving":true,"displayUVP":false,"displayPriceInfo":false,"displayDeductible":false,"displayBonus":false}},"available":true,"defaultSaleCondition":"OR","onLoadBeacon":"Ly9iLm5sMy5ldS5jcml0ZW8uY29tL3JtP3JtX2U9VDgtM3BEMlM0dGl6SkN0OUJ1VUptenJ1LXpKSks3dFAzQkgwLTI4akxya2NZVE9ZR01nRk1aa0ZWb2F5c0JJcnIyLXBJaGZ6bVBPN0lLS05zbTNVMnNjX05aM21pNERqYkwzaEpBUGxUb3I4eWp1Rk55UTFSbXpoSFJFSFhfT1QxWm04Nm03eGxwTjYwekNIWFhCRXRFYml0a2pyV3pOc1RObm1SSG5oSFVTbjc2dXpIeHo3cWpVUFludk5tSkw0ZFJQMGdVRFFtaG5BQ0t3Mm84SE9OZ0p3M2tFeHRFTGFHdEVubnpMY1hSMnZhanJ4SmFoQy1EdUJURHVqRlJKUDNmenBJQmtiSXZSTTF3Mm9abVFFMUI4NEJGaE9QS3hlRFRHTkExWlZxVDVOMVZVNlYyUzhkMlB6RGlkN01NVy1hNmFNTDhJdWxLcHBoa1ZnZkt3bVNyWkJ6R0pQYXJuQ0MzSXNzUUU5WWlzJmV2PTQ=","onViewBeacon":"Ly9iLm5sMy5ldS5jcml0ZW8uY29tL3JtP3JtX2U9YWJOOHVtc25yOTlKd3UxNXFXZ1NLYnlUTnpaOFZwRTR2WHd5b3IzLTJmbHdpYm9TMW5TckQ1d296MWdyNXo3UW9oQjdYWVdmMzAycE82bXVleXhsbU5PUWpnaEMwUUlMREE2dVhyLXJ1dEI1VGVjMUpMVERfRU5GdUNEdHpGTnF6MzZOVExwcVJPZUhTNDN1Y0xGaVlWR2VwUFNsaEN0ZHZMREVYUzRrOTZEaUY4Zi1iNTEyLUlBbjBZM0xYUm52NFppZElsMnhPdDFPWUJHYWJKTW5pRF9Samxka1hLSDQ4TXFHQ0ZNWktaNzNSWVNkcU93Z3VnekZCbU8xelJJYXg0cFRKcVhJblQxWTFXaHFUMkR2X2c3QmxPdDhwc09zU1JoVVNvNmctTnV1X3Y1V3M3UlRaZlVLRlR1b0ZtVnFYTXo1cHlfRjl5QWs5dXQ3QU1PTlN6dUlwYXVfZVVodTlhOVRKY1E0dFZyWWxKaDJEOS1SWVVNdVc5MDNoVldmJmV2PTQ=","onClickBeacon":"Ly9iLm5sMy5ldS5jcml0ZW8uY29tL3JtP3JtX2U9ak1CYm9BLXpPQlNnSS15TmxodjdSOEhGemN5UFpUTWZsMzlQUENocnoycmo3NUw3NElmS2FsZjlobmhqOGVOUFVrR0VCRGFSN28yNjdVN2N0M0ZHRUN1N0YwMFBYbTNQeGdrU01tdy01Szk4V25nVEhBMmJ5UndpWWFFeDFNYWIyejVfMW9NdTJPTTUzbkZ5anp5cVZXTFUtb2ZyVWo3VXJlUXFFZDlJQjJGcGlNbnhXX0dVejNabU9hUjVuYWhramZsaE03YTFteE1zLWdCUjdMWDd3dmVsdjV2QjZiTDlrZjFYUjlwdzJ5c0p2V2hqRXpRNE12Snhwd2FWUndLQlBWaTVZRWF6VFdZMDB1ZFh5OHc3dk5KSlg1X0ZRdndORE9YT1d2M1YyYWlFTTdzWC14S1FLQ3dHdlZ6NUhhYmVaZmNsYXFMUXNlcGdwOGJ1Q2R1YUloUklUU0xXRUxWQlpxUDZmcGhxWTJhZ0pkZXVXNzRVWFBETWRKVHZnUHZoNFBjckVNdTQ4eG5YenhFRkhYYjhBUSZldj00","onBasketChangeBeacon":"Ly9iLm5sMy5ldS5jcml0ZW8uY29tL3JtP3JtX2U9b1Zia3Bfd1NNU0pVSThRQzZyTV93dnB5cDNSM3BIOXdpU1g3dTJ6WVgwSzcxcl9JR2pUS0lzVm5VRkMteVQxMER4ZW1sYnU1aWtEbDdKOEE0QzBpd0lhSDJWRWFvclZuS3JiQVY3Y3lhNUphYVllVHY2OUpuV01oeEN0Z1BVYUlRMzdQWF9VUXNGVkJ3eEl6SlhvODdCTGo4NkNFb2h1eTg5N004SjREN2h4LWpMRVpYY0ROUHJhUjNrb2dGVzk3M0ZUQmNpNEVrYldVREJBZ214U2djaWY3c29PYjdNUU9ZbkxaOHpDOWhFajRzaHdFdmdFYTN2OHFZaHctYy03b1JLcndGVm5MalBDUW8wbndDS2M5OWJ5Vi1pakcyMExnbTNnei1YR0FVUGh6eU9kSFZUMlUxWFF2Z0JTVEpxWml3ZnZuQkNZVDlGQm8zY1BQaThsbjZWS0JkNWgycEpkejdiTXUzd1FvTzBYM285NTVFdzhfNnhFaFl2M1RPQzBYOC1tMjMxd0tfVVQwOUhKeE5ZOVk4QSZldj00","onWishlistBeacon":"Ly9iLm5sMy5ldS5jcml0ZW8uY29tL3JtP3JtX2U9RUFfVWo2MUVhWFgzZ1g1dFZBN3dFXzQydEY5QmRLSjNFWmRyWlhzaFRaQTZvcEVwV25QR2JTVzNNSEJ4UElEWnRObkpGQnV6VnQwR21wT0MtYXNTWkVNdGN4akZjSGMzLVJ2N2YyYkZPNTJ4UG5xczF5QzhiWEFrQkZkU0QwUzZydzVGaWo2VHBkRVd2WVp3di1qRlY5UHBFbUxET3dPRVoxYjJPanZnaVlfekVuMnZTcW9LaWN5NjkxWUpJQ2lLQ1BpT1lydjlZaDN1bXdTRGVldVEtNkZPZHNtaWhlZlhaTTNCM2pndF94c1FUM0ZrMFlSdXFVSFJzbE1yLXR6NWQ1Rlh2NVoydlBnX3hhUGNtVnpOUkFCOWNYbnZWaERHSnJCWXNvWDJXNE1BSld6ZVNqOUVTSFBDbE5rcWc2NDBTRmVJWnRuNTZEcldJQXNpZFhHLTRhUkNsZDIyWTY2SW1BUURzRWFiQWgtTmh5a0xYUi1vQVQ4LW0tV2p5YXd3MTdldkZ3eXZUTFJCVDV5WkY2RTJSQSZldj00"},{"name":"Magnesium Diasporal Pro Muskeln und Knochen DEPOT 30 St","code":"18160141","images":[{"variants":{"300":{"formats":{"webp":{"resolutions":{"1x":{"url":"https://statics.docmorris.de/static/produkte/98W5K93L/docmorris/ps1000/magnesium-diasporal-pro-muskeln-und-knochen-depot--18160141-0-1714111507875857.jpeg"},"2x":{"url":"https://statics.docmorris.de/static/produkte/98W5K93L/docmorris/ps1000/magnesium-diasporal-pro-muskeln-und-knochen-depot--18160141-0-1714111507875857.jpeg"}}}},"width":300,"height":300}}}],"url":"/magnesium-diasporal-pro-muskeln-und-knochen-depot-30-st/18160141","reviewCount":0,"rating":0,"dosageForm":"Tabletten","packagingSize":"30 St","baseprice":"0,52 €/St","supplier":"Protina Pharmazeutische GmbH","brand":"diasporal","badges":[],"saleConditions":{"OR":[]},"prices":{"salesPrice":{"value":15.49,"formattedValue":"15,49 €"},"recommendedRetailPrice":{"value":18.95,"formattedValue":"18,95 €"},"savingsPercentageFormatted":"18%","metadata":{"displaySaving":true,"displayUVP":false,"displayPriceInfo":false,"displayDeductible":false,"displayBonus":false}},"available":true,"defaultSaleCondition":"OR","onLoadBeacon":"Ly9iLm5sMy5ldS5jcml0ZW8uY29tL3JtP3JtX2U9SHJ4UGdSRzNMakI0Q1NCUUxibW1LX0FlcDhHbVdlTjdtTi1BOUQ5MmtFeDMzTENDX1NLTlRJUGtiUmZCR3o1ajEtU3F0WEhEYkw1SC1xbGRXNkF6Rk5MNGZJbERMNHhZNW0zMllpdGZoamtLcm5meEh3OTJCVWRKTWgwd204cVNTb18yOHg0QnNsdTVuTm9kTzYyOVM3enh4RGp0WTNYbzE1QVY2Vkx3Rk96VzN1Zm13bzFKcDRybG55NXhhVy1UXzlFcGRvUlhaaXVGV2lwaWlrX2ViZl9LVjhhelVJTlE3UHlBaEN3cjJjV3ljbTU0QjdDX19RdlVjZHdZYkRkZmpCWnkwQkJKdGtPdEhPNFR1Tk5hU3lnLWNGN09hNlYxVkdaN3NXN2ZIZFdJVlZycktsbW5xTl8xQUp1YjR6YkctUGhhZ2tWWW9DUDhST1Y4blBVdS1OR3dGRXFieEVxVzljaGszM3FxbTJNJmV2PTQ=","onViewBeacon":"Ly9iLm5sMy5ldS5jcml0ZW8uY29tL3JtP3JtX2U9ZkR6OUFpallQYk00MV8zUlVmeHRzakdIX3hYWF84c0JRT2hGTDhDSVRRMHBPYm1zRkxmLTMzbGx5NmY5aDRMUl8zaHpFdFFGU19LMWc5MTJobkhsNjdESlRJZWFZamlSc0draHpuV2dSUnotYS1DaXBza3JuaGlKMzF4RWJwUXRGMnpkaDRVbEhPbGpFSGE4MUp0VjBvdTY4U0ZYblpzbVplaUMtUFBpeDBkcWlsSVktZzhrSGZXel9QY1VCcUdtQlM2T1FRd1dEVmRYclpoZmNwMUhxSXlaMkpyV3dHZl9hLXZEYVV6djBDRkpGZjdMcDdVV21aNVk4N2lxblk5S2R6TjE4R3dDYjdtd0xMQS15VlJGMG95dUNqbkRQOTZadlJsTWRDa0VyRFZYbDM4c3ozYTJNY3ZQem1YRTlIT1YwdUZ3T2lzbDlBUTZFUFA5V2lreWpJcExpQkR5QzkzR2NTaHk5d1NjNGtZX0VoUDlPdFQ1VmNsUm9FV1F5YTRCJmV2PTQ=","onClickBeacon":"Ly9iLm5sMy5ldS5jcml0ZW8uY29tL3JtP3JtX2U9N2Y1ODBhQWJIOVNSdmtaLWRIcURRTThJVkRDY2hPX1VwTmhBZlRDeXRZXzltUWNTNzlna0VOWGlGRktmRUJNVHBxOWV2VF9FMEZFQ2JFX2tQMnpNLU9Ud3gtVmQwTTJXTkNIUV9oWW9fMkV6RmZOTDM4aGlkNXdyMi1qQnB0dHl5VVI0ZW1DdlRRN1p2dVR1ZGxvUlpSSWc1TzZ5VTdzTjZPejJDMlZSOGVSLWN6R1FMRUFXVGNzemJ5WWRlWGpHTDUyY0NfbWlfdWRCaUZkUnVCMjREQWo5SkNOc0dxaHBNQnNiVWNyRFdmVEUyU29IMVd3aDVyNU9oRmZNbjBEQnFUWWlPV1kzR1JaQm1hXzVkN3hySlo1MTE4ejF1QzAzUzNIdHpFczVrNjhzNWJtMjRTRmw5WmJDZ0F5VGhjQ3djanVYa1Nia2p2ZVQ3emU0OWN4UUt0Qks3UmdpN0hIdXRUY1duX2txQ3RkckJzdVp5cG5ZN0dwT2RxVkEza0ZNdldsb2dIUHRhZVZINUJJSUJsMHVGZyZldj00","onBasketChangeBeacon":"Ly9iLm5sMy5ldS5jcml0ZW8uY29tL3JtP3JtX2U9VGFPaVF3bmZqVnIxNEIxTGhMUVR2UlU0dWxKX2o3Q2hrcmkyZVdDTG5YemdrX0p1MDJGbkNHbHZONzY4WUN1QXU0R2lua192cGFwOFIta2o3c2NGZXQ5b3hweW5lRVhBX2d0amNzZnA1NEtSbURidm9wN2k2QlVDVzM4X054a1ZyMmhSUVV2XzZrZE1JbkRXNG5odTBSODM5TjZJeUlZUFdMemthN1BTbGI0MXE3cVJ3RkhZMkJ1bEQxczJOcjdaLWwzNldIcW1VOE9jM3VkekFSLUhlcFBkUlFKTVBCeDllVUJ1YlRPYW1aUXRxVFdIOFNZS1N3R1A4aTM0cGY4WDllOWxMVzhmQzNNZzNLTEcwRm80YjlFVWJ0U29yVE1XdHZ2NlNJZFJ5aXY2SDJ5UmcyODBPRHBCN0NGejN0a0gtMXNQV2ZtY1pmZHFxaXl2T1h2QzNkVTFOcFlHTGhKd3pTR2RXYVJzRkdVOHZGWWo0Ti1pa3hMMUs2YlRYQzUtTExBdDc3ek9ROFd6RkR5RkdGSlRGNnRSN3BieGtMTTNJdWZZTHJ3RkxVUSZldj00","onWishlistBeacon":"Ly9iLm5sMy5ldS5jcml0ZW8uY29tL3JtP3JtX2U9MVhMM2VoY2drYThfbGZlV0Ftb0pldWpoY1F6bG5kOUpITDY1NW9sY1A5R29wcE9rV2FodEJnZHpyQXhhbHhwZVpDOG1YX2E1aGNBVXZIV0FMQ1VHWG80QVFPV0pZQ2lvYVhuRlNsQVFIeVJGTVI0dnM1QmNWODZHZktTVk45dEFZYnprbmU1T2hiZVN6VTFSSU0xREpUUDhzYXRUeFlxdWpQWW5oeGFoa3EzaWYtVDZLY1JRU2xJcVE4M3BWUFpaOHhWUThuYXVheUZ3S05QZHppR05HVUh1bks0YVN4dENqMTUzSmx4cG1iQ1o0QnoxTFRnRHBaMEJvWUZIVWJmUGYzOVRxSEhwYWQ2X1l3S0NyUmItMk5pYVdZbzdPQU8yZlV3M2dISXdIMUlRVmhSZjVWbFA4QVJ0WjBCYzB2SWxsWFNMc2ptTVJQcDFKaU9ScXkzRmFVRW5HS2VxU0xZXzBKbXRSRTZSVlpXcUZsaWNCZDZQZ2JKRFFrbGN2RHJneHhmeWpTVTlOUDhyRjM0STc0OGpHZyZldj00"},{"name":"Glucosamin \u0026 Chondroitin - 360 Kapseln - TRUE NATURE 360 St","code":"CCCR4MLF","images":[{"variants":{"300":{"formats":{"webp":{"resolutions":{"1x":{"url":"https://statics.docmorris.de/static/produkte/CCCR4MLF/docmorris/ps1000/glucosamin-chondroitin-360-kapseln-true-nature-360-CCCR4MLF-default-1720597612423909.jpeg"},"2x":{"url":"https://statics.docmorris.de/static/produkte/CCCR4MLF/docmorris/ps1000/glucosamin-chondroitin-360-kapseln-true-nature-360-CCCR4MLF-default-1720597612423909.jpeg"}}}},"width":300,"height":300}}}],"url":"/glucosamin-chondroitin-360-kapseln-true-nature-360-st/CCCR4MLF","reviewCount":0,"rating":0,"dosageForm":"Kapseln","packagingSize":"360 St","baseprice":"87,58 €/kg","supplier":"","brand":"true nature","badges":[],"saleConditions":{"OR":[]},"prices":{"salesPrice":{"value":28.99,"formattedValue":"28,99 €"},"recommendedRetailPrice":{"value":31.99,"formattedValue":"31,99 €"},"savingsPercentageFormatted":"9%","metadata":{"displaySaving":true,"displayUVP":false,"displayPriceInfo":false,"displayDeductible":false,"displayBonus":false}},"available":true,"defaultSaleCondition":"OR","onLoadBeacon":"Ly9iLm5sMy5ldS5jcml0ZW8uY29tL3JtP3JtX2U9Vm9CRnF4a1lYOUFrWDFNU04yVFZqWUJMRTh6M3JVRXVfOTBOMWdYdzc2ZG5zdWVOOUlLYnRNUThqUkQxVW5CRkpyMTlsTEFJRTZsc3g3eXF6Vk9Gd0NwcnY1NU9jODhxeGwtTzBuYi0xNjh4bjlYNG1xWFh3YkxLZ3hlajc5VVhOZlBEQVN1V0xfSlFReXAyaThJeG56dzNKUzFUNVB2UHIxdGRoZHRkeGV5VjV0UWVtbEJqQ1FJcDl6elZfVFZVLVpWNFVOYnNaSldxcUo2MDR3MWt3RmdhSjhKd1FGZEJkTklZQVRzcnBCLTNuQkpRT0xRZ25pMm94YVFBT1J4d3l3Y2VyZU9GcnQ1bHE4NmI4SWtTOG5SMzB6YnBEQzFaV1ItcmljX3dUMTJ5NjdVbENqbEZsb1RpallXX1paRk94Q244T1I4LXRSMTRUNWtVVVlCSE9oZXl5T29ielZEUmNGVGh3Q3ZRUF9BJmV2PTQ=","onViewBeacon":"Ly9iLm5sMy5ldS5jcml0ZW8uY29tL3JtP3JtX2U9cjN0Wk9ORGM0Y3NhLTI5d0tnSC15Wkt5MWpUX2xMMm1YRTE0NWhBcUtqWjdPX0Nqei15SjhCVUpoNGJMQzRacmxUeFF0cDRzaVBJcXZ3WDZkZ0lWR2pITHREaHJNYWczMEtnTXF5eTRlQUZqdnBZdVdvXzl2OWxobWdYOTQxaUxJbEUwNmhJSk1pZWM0SGt2UU91WGM2SElKaU1MdDZva2NmRGlwN1ZjMWQ1Tk9xUE1ERFNlTEQ3d1JlSzRYWW9DTC03anU0bWJKUUxGdDlnWi12QXlwZTF2ZVhKMzRrVWNWWEVHbFF6Wld3bkZ0UzJMbHF1Z0pTaGdhTk0zU3JTZHdrLWNHT1BvUk9qeHMzVGVOcV9NTHptTmtXM093bFZ6VVBfekpUelRSZFdZeGdwaEVpa2oxVHAtZlRYUHFVa2c0dmZaR056WHNUTkJXLW42S3pqVjVHcGxUdERQNmRwd0ZUQ1BPdUFaQnlER19taElsVkowVlVLT0lfRERtV0xMTjlPVFdpZndlNWtlSjg5Z2hhbDR4QSZldj00","onClickBeacon":"Ly9iLm5sMy5ldS5jcml0ZW8uY29tL3JtP3JtX2U9ZVAzTzFCR1hDQkZPN21uaVY3YmFwXzZLNlUtLXVtN1piZFZBckVDQnVqb0JHZkNtbmdxeWwxdnF6cVQtUWlFek14M2t0SmdVQmpNOU1qZmVmejVPVTRGTlI4N0ZVWVdkWjFWY2g4VTZLR0kwZGlZRkxoV1RLWlNzV2xtd3dZdHpLU25PTjdJNUxSelMyWHVEVWVmZGdnM09iS0Z1T1gxbnFwTEZyWVdPYXpzdmlDTGc4R19WTmRrSlJtMmNaZjZHQnZCY2pvWEFxaXBtVmZwelFTcDFDOXc1ZWRPdEJ4WG84V0t6RXp5dFFnd2wyZ2MwUElPTldNcDExZ2xRQ2FjSVJNX044WnVGd1VteEp1NG1fLUlVcmZzbW5YUjlPMXQ2ektLOGxvVXV4YkN1ZnNBMmVSYWU0TmhqZ29NcFA2cUNHRTJGeHg0WFZQaFBsS3F3RDBtdEtDWGk5aEtTVXZheUY3UEdWakE5T09XRUNQelVPN09YbTU3WVA3cUZJclZDRzZSZmR5RlNuUm1adVFHY3BiWGpSQSZldj00","onBasketChangeBeacon":"Ly9iLm5sMy5ldS5jcml0ZW8uY29tL3JtP3JtX2U9S2VfNEJxbF9wYWdxZkVGRzB4amwxZlVqX01Gem9KQ0tmSUwzRU1tY1lTYVBWa3lncFpvYnprQWFUWkxUSVN4Zm9rRmFRT21NMGdaMk5Vbk9FUXNTRlpYZlBPYmxic0VOQzNhZEpiSHlLYjcxa05QTkJIVHZKenhxVVk4TTh4YzFNZmJRWjE0WUdwRm55dkhJSkNxTHY2UkU1YlVuN0hJYmlqRUkyby1yUHpmcS1aOGxYNldrYWN2dzJUeWpuX0o3V2RvZU5oT01WVTRvRE0tUV9FdnZoS3ZORmRoRll1YUxYaFRreHoyMkFNMFhjUVlqTTEzN2pfR3J6OENhcmVtbGZ2VHhWcGNndTZTTlBLM3JpNDFBbnBXSHpiLUZJU2dGcThsUlpYbzI3azV6STczRGU1ZlVLRTEwY0ozMk9VNVFkSVktdFRQWHZDUTZvbk00VldjUkNGb215R1hXUDZnWUlVd1NKUlVoclJpeTY2cXVTWXdDRDVzMy15MlFtNXQwYlpDSkZ4WEJVOEgtcTkxR0l2RkZuZ25kRnRjX2xXcnA0cFJnaGtPYloxWSZldj00","onWishlistBeacon":"Ly9iLm5sMy5ldS5jcml0ZW8uY29tL3JtP3JtX2U9MmNKcEFadld1cl82LURfY2JLdnpXalZ3MFBmdmlGOGNtM3FsdTBMM19Rd3VhdVlDeE01RVl1SDRmUGNFcUw5ZXJaXzREN09iZFhUdHZDQk1mYnhtckdpaE1fcUxveU1NUGlzZ3NGMnpxdlhTTkdlMWdQTUt4M0gxRTUweXJscW9haklGS19LUWpTbEx0OHd1OXNNc1AwUWNzaE1BN2tBNl9KMmVxa2lHT1NIaTJqaEx4OVlrNTRTaTFaQ2RxME9NeklKR3RzUDNPVllDdFBwVFVuM05QbjJncFZYZldDaExlOEpnaUUwV1gySTl1ZmtnMW00RVZnTmtlb3JpeUt5RU1yazYzSnB0TlBFRUJ6TXdaVzNzbkxnMVE5di1Qdms3WjZKd3pKOGdYdlgxSkJpcVI5SzZacm0yRldYMzU4eWhkTC04bDdRSmxpRVhoOGlONzloM2hYS3BCS2pFRXoya0hnVEpYeGhpZnBkRHBZcHhpcVdHRTFsT1kxOUVYbl9Db3g3V2JQdUM2REtqMTA3aFFBRHRXQSZldj00"},{"name":"Thomapyrin Tension DUO Doppelpack 36 St","code":"08067050","images":[{"variants":{"300":{"formats":{"webp":{"resolutions":{"1x":{"url":"https://statics.docmorris.de/static/produkte/XPC48XV3/docmorris/ps1000/thomapyrin-tension-duo-doppelpack-36-st-08067050-0-1724136239814491.jpg"},"2x":{"url":"https://statics.docmorris.de/static/produkte/XPC48XV3/docmorris/ps1000/thomapyrin-tension-duo-doppelpack-36-st-08067050-0-1724136239814491.jpg"}}}},"width":300,"height":300}}}],"url":"/thomapyrin-tension-duo-doppelpack-36-st/08067050","reviewCount":141,"rating":4.7,"dosageForm":"Filmtabletten","packagingSize":"36 St","baseprice":"0,37 €/St","supplier":"Sanofi-Aventis Deutschland GmbH GB Selbstmedikatio","brand":"thomapyrin","badges":[],"saleConditions":{"OR":[]},"prices":{"salesPrice":{"value":13.19,"formattedValue":"13,19 €"},"recommendedRetailPrice":{"value":20.96,"formattedValue":"20,96 €"},"savingsPercentageFormatted":"37%","metadata":{"displaySaving":true,"displayUVP":false,"displayPriceInfo":false,"displayDeductible":false,"displayBonus":false}},"available":true,"defaultSaleCondition":"OR","onLoadBeacon":"Ly9iLm5sMy5ldS5jcml0ZW8uY29tL3JtP3JtX2U9NmU3Y0dhZnFMbE5oY296Y3AxbmttWGpPc1Q3ZHByOVJ3UWhrWGREWXNCOGtQX29oTGtvdkZ3c2hIX0ktVV9uRVlqSjV5UldrNlR0Y0dEbkJRa1RYUFhYNUI0ak5UY0ZpQk90WjlJSV92amU1UHRYdHgwMGFBV1ZrTG00eXMtX3lsX3RyUkl6cW1Qb01WUHkwT2JTa1lUbE5ZMVJISkg0bDMzMkY4amF3RG82bl9FVklqYUhKTDY1SVVLR2hXalQ5OTVWQUJVNTBkMmdJa0NRMms3c3FIVzZORXpnRGVWaFROaERMaHVWc2ZsNUUwZHVDZ2RxN05rei16XzNCOWViMkdUb0xBMzlZU1A0REN1QThqdE5EWWNIcDJlV3JERWc1WUVkQ2xMRV84NDc3WnFGdWNsOG1PM3FGUHZtRFVUeEFPRWdwWUgyQjFNTHZPUkp2NFlnRnZTQXRwV1I3WVBMajZKV3hNdUY3UTVVJmV2PTQ=","onViewBeacon":"Ly9iLm5sMy5ldS5jcml0ZW8uY29tL3JtP3JtX2U9bDFiNVJaV09sZkRiekg0cDNncElzX0E0eFR3RzA0ZHg5cmlTOTVVTTkySzNjVTR6aHY4cEV3NXJUYnRDMzRmVFJidm5KaFFEZHY1WmxTc0F0VkgtbDFNYURCRWc1TVVvNy1pOUZyRERZNzM4aHVGSUt1X25xUE4wTVNxV0JUazZRMm95Um96UDYtSWliVTZhV1JpUnFTcFlYVUtQcl9LRUhLTUJHYkpUWmpfT0ZSMkhOOFNaNVBiYVgwX3dTcGJSMnZOUl91Zk9uMVVZUjlOM0ZRaTBMNUJLd2x3ZTVHZ2dUd2psSU5HNEJZdkhFcHVrR0dIcEdPT0luSDU0d2ZXRUE4dW5nbUhlT3ZMRm1NZUNzQ3JRaEZrOVI0a1dEQjhEMnpERENBNkxEekJPUVN2WGdIZWJpSnluNXlOMzNMX045RU1pV09RNGlCX0hrT01ySGZKanhYMk1lRnVZMGxWdlJaWF90VDNlRWlsUlFYQ1ZJWlVoQkt5M1FXRnB1TDJjJmV2PTQ=","onClickBeacon":"Ly9iLm5sMy5ldS5jcml0ZW8uY29tL3JtP3JtX2U9YktET25QOWpnc2lTdTNYX2lRUFFlYUJUQWxnbDk5d2FGdW9BcDBLVzFMQ0JwTU5Ta2ItWHBEck01ZHlRUVMyRFlvUWhXZWk3a2RDNDYzXzgxVVpOd0xvekozei1YZHNJYlZnYXdBeFNDaW1aR2tXU21UVS10MFFhQUxvWjNHVTRpSWkyN2lSMDdtamJ1NXMzMXVxUVdjeG1XU3c2dGVURE5OY0xRdzd0YmNsTUdwOTgxOGo1bkdtWXlRRElVYkFBaVpXczU1NlhBeVFfOGhROVc4OXd3VjNTcG1zSWZZSUlReUZyMU1FLVYwSGt6UHpCSVNtczdtTXc1M1czNFlJbnZ1TFR3blo3N3NTNU5XdC1KN0tFS2cxd2FuUTFpZm9hV0JxUWVPUnU0MVpocnNHbDUtMEVYcHpyaDNzNUZMV1FOckozdmVhalFHX0xaZzI1RE5UbFdHX0hSajd2SFdyYmFTN2RORTV5RGsxY3poXzhFUXRKRHphUGpISGV4QXo0VkV5MzRjNV8tYThjM2MyOVE4ZkJjZyZldj00","onBasketChangeBeacon":"Ly9iLm5sMy5ldS5jcml0ZW8uY29tL3JtP3JtX2U9WFM5dWxXTUJQTHViQ0gzZHpqSXRxaGZ1TUcyRVNhbjV4aUtUMHpMWlVMOGNKQnZXcGhjSVhkZjctOHJCSnNjTWJlVjBLcFVFSFo1VTZBdFF3U1pWUkc5VUtLUU1DMnI5VjZ6WDd2Z0gxYnF1SHUtXzJncllQT180U3dPeHZaUHBHcFdUdXF1bWtfUU5UaDBUcXMtZFpjNlREV2VZYV90a1VYWS1mVjN4dmJ4X2V0bS1vdHZvY05OUlBZN19DeDQ1VXU3Q09tMHJ1WGQwekU2UEZGSXEzVi0wTTJvekUzOUlxVkEtRXVNYkxOVVJUd2FCUnNFLWZ6UWkxRlQ3YjdCX2UyUFlkV1hUMzhUZjhqdV83LTlERFh4Qm9mTmpZM3AzY2duaFVmeXpSTnpZd1VDZzhLZmlKeHdtNmVRWTlPUnphbmI3VUExX013Y2JSa2JMbVl5UlJuZHV5RUJNQUVjX1lNblBsNzlTT2hxQ3MwZFMyclFJOGwtSG85czREMm1WWllWd3VBVHNmcXc5WlZBUlZ0NjA4dyZldj00","onWishlistBeacon":"Ly9iLm5sMy5ldS5jcml0ZW8uY29tL3JtP3JtX2U9ZmtPV0JQeUZTSVZaMW9tWHZ5b2pZY2cwU3VPWmpqVXRMMkl1TGE1U2dzMmlNYkFIczZST3B4bjRaSDBuR3pJZjNiczVOU2JwU05jclRoX0ZxV09lOVZDeWg2MjNZQlJibk8tUkZuczdrMlgzNzd2WHNHbUxpVDdPQzdDWjFpT2gzbjFiMU5QVHlhdThIR1ktdi0yODdsZ1VMNy1sRWxRUTVoQ213MThPRUVJXzAxdXFyNXpyTV9TUFBMcFJyT0hJYnM3VlhNZ2xORU5MV0wycU9ZQUpscXB3Y3VFdU5RcnpTTDRsLTNNT1BwWkQ3Uk9RVnl6SEZRRGZSQUt1RFBxS05UZDlYcF9pX25ld1Z2SVo1OGdndlFvaUZZREpDNlJOM0ZIQzVsdTBHeDJGaG8zYnVvNkd4aDI0ZUhuQ2p0YlFVNEJZTHR2RUNoSThSOFoyemRSX2ZPUEVod2ZuVDItcV9QZ1R4U1loakpNVWtMa2ZKYWp3ZDRxbHRhaTMwUmNTbldQcTFuRVJrV0doV1RwQ2tuclpCdyZldj00"},{"name":"Hansaplast med ABC Wärme-Pflaster mit Sensitiv-Vlies 4 St","code":"01033409","images":[{"variants":{"300":{"formats":{"webp":{"resolutions":{"1x":{"url":"https://statics.docmorris.de/static/produkte/FX5UH3T0/docmorris/ps1000/hansaplast-med-abc-waerme-pflaster-mit-sensitiv-vl-01033409-0-1713968312746982.jpeg"},"2x":{"url":"https://statics.docmorris.de/static/produkte/FX5UH3T0/docmorris/ps1000/hansaplast-med-abc-waerme-pflaster-mit-sensitiv-vl-01033409-0-1713968312746982.jpeg"}}}},"width":300,"height":300}}}],"url":"/hansaplast-med-abc-waermepflaster-mit-sensitivvlies-4-st/01033409","reviewCount":52,"rating":4.4,"dosageForm":"Pflaster","packagingSize":"4 St","baseprice":"2,75 €/St","supplier":"Beiersdorf AG","brand":"hansaplast","badges":[],"saleConditions":{"OR":[]},"prices":{"salesPrice":{"value":8.32,"formattedValue":"8,32 €"},"recommendedRetailPrice":{"value":11.45,"formattedValue":"11,45 €"},"savingsPercentageFormatted":"27%","metadata":{"displaySaving":true,"displayUVP":false,"displayPriceInfo":false,"displayDeductible":false,"displayBonus":false}},"available":true,"defaultSaleCondition":"OR","onLoadBeacon":"Ly9iLm5sMy5ldS5jcml0ZW8uY29tL3JtP3JtX2U9OXY4UFVHb0lUQkkwRTBXS2ZhR29saGJONXdsYVdSX1FNLTlFZkVVbVNWeGg2aXJLUXhsQ2RYYWJWeHVCS2MyWkdoN2hfcnFKSDlfYjktX1kyWlFVWEJsaFRpeUlNSG1wbm1mSWN5YVhuaDJsdjZ5RDZEYUtYNHlVbHR3bjJFSzlQSHVMOXVaeFgtdF9oUkZOdTNyLUdfVHUzalJpbHd3eGhteEpQelUxNlpjeXJUaHdKX2M3aVdsM0ZKU056TjZreHl1cmF4cDZtT282Y1BuVWxTU0RiWExacDMwWHBnbGV1R05GXzdYNVZBZklhcmtLQ2R5bk1SZ2VSM25BVU1Rano1bzNVeDdvRDJNdU1fSE5mZ1JwRWItTVZfX2NvMFdTYnF5VmRYdy1OdFpiRmdnQ3k4T3ZlbVBkNFY1QzdCNWV2dW5mNGNqQlNtMUt6b1gxWGE4eVA2YVBoaXBNdHV1aWJoSDdqMnVnRzZnJmV2PTQ=","onViewBeacon":"Ly9iLm5sMy5ldS5jcml0ZW8uY29tL3JtP3JtX2U9MXdOMUc5S0xCUWpkbTV0NEhZeXlsdFlhdHRwNnhnb3JCTmNFaTZqTzlMbElHWTdUU1FmOHpOSmV4OFpSUkdBU0UyTjk0YTh1dWg1M2s2U2FTOEVWbmYxdDBCWERqejBvWEFNWklweS10ZG1pWmJnUU01cFZpR1RYMElfMjBSZmwyMUhLdHB3T0YtZjhKV0tTbHF5WVdYREdGcWFkLUdaWEVkM0RfMVF3VXVhNDFmVFBZUGtlbHNCYnRLaDBUZ3FSWUFOSzZoUklkN2NBZGlHeDlXb092TTdoazlWVzY2eHhjZFlRcDhCdEkwclpnN0k4Sk90UjNLSlVfcEJXN0lmUmxJdDRoNE9Qd2hBMXZrekFtWTBZYmRBai1HekZBZDVaakpraEVqQmNsTHd2QlNPdHZ4cjVXd0JYcWRFemZ2ZHRfczJ3bUFaOXQtdElVSGtHNHRfSWg3RFdDNDVBdENwcUFGb2RFcVpZSkNUckJKdzFBZU84dlJsdmdQaTRHYmNGJmV2PTQ=","onClickBeacon":"Ly9iLm5sMy5ldS5jcml0ZW8uY29tL3JtP3JtX2U9MUk2Qy1vNU9BWGFuTEtwYzNINUZYUmliZjdIOElZSWRtdGZ4Z1RWb2FoRHVCZEZVcFFOR1hSVXlTM3F0NWNvMU5PZ1k0NG55VHdDUlM3Ujg2Sno3ZUFLN3ptT0NEZEJNUmMzb0pWQ3dJZl9jcFIzcTVRRmkwVHdPcVZVVXk2dTVENDltT1ppaFIxRUR5X1JCY1ZUQkpVRkRfRnNaNDg1d3V5S25rdXl5WVFpQS1rWW9ySGlYbTI0OF9xUF9Idkh2SXVJT3MxcGtRNW00M1VKV2t3M1BDWUtVam83V042Z1QtemhUMjdEeFYzdDB2VUJRQlY4VEkyb1llbXB5STlzSWI1TkdGa0JqRGpPTUE3U2xpYlhrNV9PWFpDcVhHU0NMZXNDb080ZnQzbjQ5OE1UN01kM2Nqaks1QXNrUWttQldldTdBY3hVQURSaktIVEhkVXliVUtTd0RjT3c3MWZPUDlFaW9oc3RpUGxWOEtIVDAwOHFKQks1MTJzT2lLNGx0dFJ2bGZBYmM4OWNxRHNUY0Zsb2lxZyZldj00","onBasketChangeBeacon":"Ly9iLm5sMy5ldS5jcml0ZW8uY29tL3JtP3JtX2U9QnlWenN5dVo1SmVVZ3ZJdFU3RlNPd055NXVOLTYwdkx6OEtKcEV4MUZNbmx6X1hnMXZZZUhaU2VvUjNQckZrZVZ4WFNPMmlTWklrLUpXejNfR01OUFVicktLOVd4Z0JoV1dmbWpQLTVjOU1EaS1GYkpkVl9FS0pzNV9iOFV5Y2JYd0ZERXFBUUZubkRLUU9DOUtpZXdnakcxNHB6N25EZzJibnYxUHVPNGZFelhWN0FqQUtpbTBVTUFqRks0cVpoemN3VEJvaGZtX25tMk5xMXF3TDMtQVVKUk5fU3FnaVVobF8wbUlJMDFUbFlmSldsNG8xTnBvemkwSUlaWkcxTjN3RDl5dDNvQmRuVWE3X3pQclpHd0ZjYXFtNWdjQk8zM2pVUnVVZGZMbUZ2b0g4SnpCQXBmNWFtVzhmZ3M4ZnJJWmJQQ2kxTzkyczJyOFpoejNSVkRrNThJWDVUQm5aLVk1MEJSU2tlT3M2LWV0bFBGMHlQT0h5cU1MSzZnTUlPSTg1QlBLYmNTZ3BqYWI4OVdlVGNpa2RERWNGRHJINUNVRU5MalJiU003dyZldj00","onWishlistBeacon":"Ly9iLm5sMy5ldS5jcml0ZW8uY29tL3JtP3JtX2U9d3RmY1phXzU1NllxbVpvYktCQXI4YjE3ZHlwWnJQay1FRkdPaDViQ2I2cEJsUFFQNEZjTjE1TldfUUt5Q1VUNk1KaGQ2TUN2U3lsbTdNcFd4bDQzekR2bGNPV0xad0dMR1RWazJkVUlLdVoyclh6ZWJTZkN3ZGw2MDdjaGtqRG40bXhyRXY0dWdHRDRLeVJmeGJKbjN1Q25ia1dlTVhrUk9rZVI3dW01eG1hVFNtTk9XRGd0Z3Bpa3ZnR2trTkJyb1RtZzRyeWo1OWRSZ1pzQmZ0UXlkNDJGcGFpZVlJdUhmTU9QSnJBQ2xCTHpraENqMGdoaHBCRHlTWlBSZ0p0b2s4NE5DUzRURE5uNVJMbjgwc0hxR1A0UUotU3M4Z1ZzRnNHU2t3RkZWdmZjbUowRVQwZkJXVWkzUHZlbU9iSXY1VEFPVjk4TXhpUkhURDVLLWd1M29XQjZVZjBpZkt5U3ZReTNWSEdxVjB4SGo4V3E2a3hicE1rbDRBZUJxcmhyeE40V2NfYUgxa3E0d091bjJGVld6d0FOWUtPbE5uRTJ4dmFzbFdtVWV5NCZldj00"},{"name":"Magnesium-Diasporal 400 EXTRA 50 St","code":"03355608","images":[{"variants":{"300":{"formats":{"webp":{"resolutions":{"1x":{"url":"https://statics.docmorris.de/static/produkte/FX5GMG5E/docmorris/ps1000/magnesium-diasporal-400-extra-50-st-03355608-0-1714024227615197.jpeg"},"2x":{"url":"https://statics.docmorris.de/static/produkte/FX5GMG5E/docmorris/ps1000/magnesium-diasporal-400-extra-50-st-03355608-0-1714024227615197.jpeg"}}}},"width":300,"height":300}}}],"url":"/magnesiumdiasporal-400-extra-50-st/03355608","reviewCount":27,"rating":4.8,"dosageForm":"Granulat","packagingSize":"50 St","baseprice":"0,38 €/St","supplier":"Protina Pharmazeutische GmbH","brand":"diasporal","badges":[],"saleConditions":{"OR":[]},"prices":{"salesPrice":{"value":18.99,"formattedValue":"18,99 €"},"recommendedRetailPrice":{"value":24.95,"formattedValue":"24,95 €"},"savingsPercentageFormatted":"24%","metadata":{"displaySaving":true,"displayUVP":false,"displayPriceInfo":false,"displayDeductible":false,"displayBonus":false}},"available":true,"defaultSaleCondition":"OR","onLoadBeacon":"Ly9iLm5sMy5ldS5jcml0ZW8uY29tL3JtP3JtX2U9LUQ2MUh4UWdCVkdWZnY0eS1RNFI2cFZiekI4d1NFTUNNdFNza1F6bnltNktZV2o2Q3JlU2VsWklwUkpQcW94aUJjSlFValdILXhYQTM4TkdiSjFmWDZiZmx1VlRvMGFaZXNHeWl0M3NBQVNjT2VEQ29nNUNBaU9KVjBMQTU1RnA1N2hlNkwzTEhUdDVYUTZqV0lXMnFNRlVUSGJFQ084Tmh4ZVdqSVV0NmFwMkl0WkkxNS05aFNEd1hYWmtVeTFfUlk5WjZ5VjktNkd6MU1kRXF2d29jNFpycHNxT2hoeXlVNTAxWUl1cnpqZXg5dktaNXJtWGZveWFFdjZ0emF1NjlmZjZMSm5EcTBRTl9JM2x1dnY2dlJJbkxJb1VHN2V1b01YdWVTU3MtUmpUejZSTlNqVGlrVmFlek5IQXVwMExneXNNUlRKeHFjcE8tUU9SWndEMmRIWjdiaXJnOWhsZTNib1E3dmNodUh3JmV2PTQ=","onViewBeacon":"Ly9iLm5sMy5ldS5jcml0ZW8uY29tL3JtP3JtX2U9TkVNNkc5a19ha1huVlFDN05mQnNiRE9hU3FEMExZeWhfZTNJZDNoQS1fOTE0aXk5QUZKajUzVldSVzNjcl8yTlhKUzd3dm9Wb3JPQWVTcE50eTd0UnpmdnhxdGFSc3ZzM1lDSzZDcnBPTTJyOGNyQlE0b0YwRk5paTVMLXloeTZlVmRTX3E0XzkxQS1WYmJFcG92ekJsUUcwSVpMZ3RMWTVfWWtNSUw2Y1U2WkRYaFE0VkI4Tkx1SmxqRHdjV1IxLTJZMFZoNG1wVzktQ1lXeEZuY0hFQUdfRG9aNC1HaEQ0V3ZzU3czVk9PU2VPcmRfZmgwbVpSa2I0c2g3YXlGb1h3cWxEMzBTbG8tSFk4OGdZaE5FYWlOd1pWT0NUR3BseWplZTFoczRUMnRadzBoSVJwX0diRHFyTXcwRnR4RWk4N1B4WU11SDlxVjYzVUpKMmszMmc2TFVpN3dxWnhBN2JxTXpqUG80ZktjT21KR2ZNSmh5ZFlNbUlfaFNDcHpMJmV2PTQ=","onClickBeacon":"Ly9iLm5sMy5ldS5jcml0ZW8uY29tL3JtP3JtX2U9UDNIaHJOWllFY0tCNENucUxMRklrSU9MQy1JMWVsVW01YlFoZGc4dmFlRERWVGdZd0JWWDJiVUNLdVlZYnVwTFh3SkZPSjdYM1lQUHNsV2xDbHAwamJwdzFhNHVTNWZNZ3lCMExfdTRYMnRKQmd4Snl4a2wxRmg4bVJ2eklNdXhoV3Y2LXV2SHc1UldSM2ZRTDRvSWtkX1dMLURYaXZ4SExPWldCSVBaY2RDTFVQZ1hzTjR0b2JjTU5MbnVyVW9XeTllNFBlenQ3LVJwX21CV2ZWeld6bThGZmZnMkdoX2dCR2JjWGVxOVIwb2lycXFZZy0yUzViZ3I0RG96V1JYUktDeUJUSHNJaENYNmN1bXJlUHRSd1BwZkQ1S3c0NzNwSlRVTjBfNk9JZFdrUkJQUHpRRHpZZFY2QzdHWGlHaFVTc2tZSVVGUFFPR3RZNEVRRjljYW9WNFA2emctS3A3N0s3OEdkdzdSVmNpNlNwc0tyWGNCOVUwS2Z5WXV6TkRaVURzenhkWGhKeEtDYlJwM2J6OTR2QSZldj00","onBasketChangeBeacon":"Ly9iLm5sMy5ldS5jcml0ZW8uY29tL3JtP3JtX2U9ZUVsUGtpVmctZkk0bU0xU3ZubW56YmExZk9iQ2xCN2dTSW5yU2U2UVZZaExTTU1kM1huMHlSMXdZMm1QaDdLa29IVXFIZVdza1FMN2lPLUFKNlRMY0tMRlUwcGhTQkhlVXRfSW5ndkNqc2VDYWxfTkNFY2JaTHhaZkFYSzZXRXNpdmtuR2pVY3BRY2RXb3ZROTg5WFhsaGw5Ym1UTWZPekpVSUIxU1VZLXRQZzB4bDZUSnp4dHdFaUVrSTY2ajdLSWtIcjFpTVRxMVAyazZqME9UcTZ4STJmbnlBU3JiTVVScWRCWVlpbkw1NDlpay0yTlctdFVZQ3BqZ2VFUzI4Zmw4YnpILVNCUHE3ckphTjBSRFpUb2tzX1lUTVlwQlhKYnU0V0h2YzF4YVZLUFE3U0NiNl9SY2dEUmN1WTZranFnZl9aXzlDeS1fX240dFl2empzUi1yVDVyM2xsTHJWSE5tTFBiRVVPaXpLdlE5ekRxVXRZTGdfLUxrV3ZnZHFBZUNPNjAxWFNldWtqZVhYcXVSRC1SZyZldj00","onWishlistBeacon":"Ly9iLm5sMy5ldS5jcml0ZW8uY29tL3JtP3JtX2U9dzY4bnZneXVhSEt4TDg3Y3RDZDVPeXFBLWFNQUVJa2tRcW9WNXhSeGVzQ1pBcDNuUVFsMkJmZFRpb3FlZUMxN25nU0F5cHJHWVVqWTN6RXdaX3VHWUJnQkJMc0pUb0RrVVA5S09QWkw3aW9iTjJjWDF0S1hRTzE3NUZHTlVPbloycU9pd0xiUnNBQ3NuVF9ZZFJzVFJSTTNiYXBxUGRRX2Y2bGNVZUtNV0o4RHBJa3FyZVVhVW54VmEwWkpJYlA5OFpVX09lVE4tLUFmdW5BN0hWRzc4LUNHSVVVSGhwN1UxUmFKN2N2S2tyNlgwWE9QMVpaYkFBZ0EzWVRxVlBFS3dTS0RubkNjeWlIeUpxNjhmT0RCRUQ3OFpaaVIxT2RucW5vaTk2d1BZdXU3RFVNaHhnMUMzOEtqQXJ0aWdBclBUUGJRYWZWNVllazFoaDVMRFRIaWdCSEZYT25sY0tSYkY0aGY1Ukd3UHRrT0d1TDVQWE1NTXh6OXhYcVpmM3FkLUVMZDAwVV9WZWZSTVRVZVJUMThSUSZldj00"},{"name":"Magnesium-Diasporal 300 direkt 50 St","code":"05969496","images":[{"variants":{"300":{"formats":{"webp":{"resolutions":{"1x":{"url":"https://statics.docmorris.de/static/produkte/FX5K6C1A/docmorris/ps1000/magnesium-diasporal-300-direkt-50-st-05969496-0-1714028206575751.jpeg"},"2x":{"url":"https://statics.docmorris.de/static/produkte/FX5K6C1A/docmorris/ps1000/magnesium-diasporal-300-direkt-50-st-05969496-0-1714028206575751.jpeg"}}}},"width":300,"height":300}}}],"url":"/magnesiumdiasporal-300-direkt-50-st/05969496","reviewCount":14,"rating":4.6,"dosageForm":"Granulat","packagingSize":"50 St","baseprice":"0,32 €/St","supplier":"Protina Pharmazeutische GmbH","brand":"diasporal","badges":[],"saleConditions":{"OR":[]},"prices":{"salesPrice":{"value":15.99,"formattedValue":"15,99 €"},"recommendedRetailPrice":{"value":22.25,"formattedValue":"22,25 €"},"savingsPercentageFormatted":"28%","metadata":{"displaySaving":true,"displayUVP":false,"displayPriceInfo":false,"displayDeductible":false,"displayBonus":false}},"available":true,"defaultSaleCondition":"OR","onLoadBeacon":"Ly9iLm5sMy5ldS5jcml0ZW8uY29tL3JtP3JtX2U9N3pSWlhrLXFPZmFfZmk1QTFWRGRfRXNKRVppVURfNGNURFlTMHd0UFhQSTV4d2p2Uy1HcC1tS0QySGhaaTR1c0VlOVdmb2IycGdVeGlYVFNtWWRVVTVjQll6YXVIOUJDamRFWU5JTndLd3FDYkRPcHBfeWFGRjgxNkRoOERpa0JkSGROeW1ZOUhINjJaV2xFSy1YOGhyTnpyNlhKa1B6WlVoZ0tBS3pWTGpOX3IzSm1zVmtMVDNCY0d0MXJFclBZY294WGR2QXhSdG1fblZYU2U3TkhqcDhWZl8xeFltb2R4bkxyZkFDUEE0cEJhWHFkVDRyejNuS19OWGsxcjBlRHU0clVpLW4tQnc0R2JpQjlOeXRoc0FDOE1odEFYTkNDNW4tTjJDRDJPdml0ZkJvZ0plVld2bHFWNDN6Q1QzcVlscmNSZXpIRDR4RmNCcGpXbGtwanVEczVxdVJ3Y05kZEp3MElSYnUtRjBJJmV2PTQ=","onViewBeacon":"Ly9iLm5sMy5ldS5jcml0ZW8uY29tL3JtP3JtX2U9c0xWT3lpTmRYcmI2M0c3ZjlPRUFMUVR5UENpUkVheDM0VGNfMmUtbFlySU1Va25PM3VpZE50Zm5iWDVrNUlTdTdGakRvV21NYkphVzVTSGFXV1E1NmdYSU1XRXVJbDkzaVEzVU83WlNDR3FhaVJTQTR4VndTVFlCZjBOWEp4cnJLVjRodnRzVTlFcTlsLTBTa3FoMzVpV0JFRk04cEVnZ0RENTF6UFFOc0RmOVRBQ1pncWMxS0JfWGFGUjNtQV9weDJ5VTRjZEdRNzJrMXZRZ0w5cngtS1dDdlFaZ05wU3FvUlgxQmxIbUliWmphNGUzM19yOUpIRTNYNXJTWGdyUDZnUTBCOTAwYXlWN1R6WldpQjA1VmJTX2o1VzE2bEU2YURwZTNQVzNubG5uaDRrUzlFZ0w5NVZZdENxYTZ1emlXM3RyUEhMZFljNlhhUDF1NXYyY3V5R05OMGZuNmZEaUE4OEttQ2o3RzRUVEh3Q0IzZXhDLVdSNi1FZkhjcThGJmV2PTQ=","onClickBeacon":"Ly9iLm5sMy5ldS5jcml0ZW8uY29tL3JtP3JtX2U9VDFiWUlKMU9Na25wZGN5TjYzMlRTM2FOUktVRzNmcjRud2lZX2ZnbUVTODBiNFN3YzVnZUt2SS1CcExGM3dSWTA4WGdBWU5RTktSbGtreDJiNElxRjVqei1rSnFtVlZjbFhTTXdGd0xwSHhwazBjTzJsc0E1TU5FT05QMGVvQnAwcnpVa0VjMXpYWV9hWkxaTzNpemxwZkpQUFBjLUlTN0t2NDU3OGRzTjBhdWJILWxxZkRaTUxNRVRzT0Y1NGU0S1V0R1Y3QmVVYkFGcmwzcm9kYmVxUUZ4NzhpS1o5RkRMMEtfbDkzdzJmZGhzQThiM0c4OEZyeHRjX3lacUV2a1VQQi1ZblR0MktsTmRLRWtka0VMYkRPS0JGeXJ3bkhuYnlUbERoUnVscnhyTjVZNThGZm85REVKOVJ6WUxNdDhtdHlXbFI1VzliYUdmbWtkVk9iT09SdHU2MHZPQU1NU3Q3OGJuZ2t2UnRtREpvaVIwdE9SSGlJOEU2ZlVmN2EtMnNFa3VyMTVXQ2VDM3dUYUN5M2JEUSZldj00","onBasketChangeBeacon":"Ly9iLm5sMy5ldS5jcml0ZW8uY29tL3JtP3JtX2U9dEhQb3dqVm5rY1FfXzVOa3lLS01IUWUtXzF2TklGM24xdHd6cGhqcF9OSGlITWYtOGdtSGxFdWxuWUxWM1Y1ZWRLSHNVWTVwdGF0WWNxamhiQjBqZXdwTndITDJGU3dqbjBlUERIblBFOHI0alpUbF9UMDh2VEx2V1FLbEkySHQycW1zYWR6QldvWnpBeUlWc3d2bko2RndPeDBNWnExTHh4TWhUeF8xcEtJQnNSMkVsWndvZkNsT2lYamNscEhaSVJKMHA4NjljLTBKamtaR084SEZWRWVIaUpzUnpQZHVmbFFiYl9wTVhzY3lPdllfUi0tOWdqblVtX1ZxRjYxa3UwdHhKNkpQRVhLN0Jaa0YxM3kxQ3RqLUxQUmxqTEE4Q3l4a2syaW9kaWxnemxjQ01yTmF2Ukwxa3N0ZEVpX3ZPT3VhUlNvNUtES1hZM2haUVN5WHBFUlhqOGlwWURRREJPcUxJV2VDQjMyYUdaellxdDVIbTVUVzhRQ3JlRWVURmIyTkdiZzh2R0dvbk1JczBrWVlMdyZldj00","onWishlistBeacon":"Ly9iLm5sMy5ldS5jcml0ZW8uY29tL3JtP3JtX2U9QzM0bGJlTlY0V0tucW5zOTJwTmwzV1lsMFpOeVdic2FGYjhlX0Q4U1NnZjlLTTZLRHlIYmVPMzl1OVFOdURoVkJiS2hWUUtNZFdtd0tmM2NHSWVPNzVYU2pJSHdjSVJxWnQzcDZzNjFtMU5YbkFhTU9jOGU3Sl9LYWh3TlZjZUctWHJNckRZYWFhM09OVk5pRkZOOWNjY2VJdWNUd3J5b0kxUnZsa3E5S0phUDZrMnRyOVlwcXNVTUk2MkNkX3lLMGk5dklzQTh6Z253T1N0SnNUOWFyVVlfSlBOemd4NXVra3U0V3N2azBQclR3UlUtMjZZOHdUM3REa004d2FQOFFwbkhkREE3Y0Y4dnp3MmFJZjVPLTJZamZvaEFhZmF5SGxsekRIUjhkdlJmQ0JaX0J2YWU1OUtnSDN3UEdjZTJYNmZwTUxHd2o2QUo1WEcyaWpMd0tYd0tPbWI0amNsS3UzOG1iU2Rpc3llMEQ4NG1NYjF6a19jVnFKanktZk84U3FkOHlvRWRPLXpFNWlKN2stTUdXQSZldj00"},{"name":"MAGNESIUM Oxid 400 mg Extra 120 St","code":"16940248","images":[{"variants":{"300":{"formats":{"webp":{"resolutions":{"1x":{"url":"https://statics.docmorris.de/static/produkte/LGGOJ8J0/docmorris/ps1000/magnesium-oxid-400-mg-extra-120-st-16940248-0-1714054358799652.jpeg"},"2x":{"url":"https://statics.docmorris.de/static/produkte/LGGOJ8J0/docmorris/ps1000/magnesium-oxid-400-mg-extra-120-st-16940248-0-1714054358799652.jpeg"}}}},"width":300,"height":300}}}],"url":"/magnesium-oxid-400-mg-extra-120-st/16940248","reviewCount":3,"rating":3.7,"dosageForm":"Kapseln","packagingSize":"120 St","baseprice":"0,10 €/St","supplier":"R(h)ein Nutrition UG","brand":"r(h)ein nutrition","badges":[],"saleConditions":{"OR":[]},"prices":{"salesPrice":{"value":11.49,"formattedValue":"11,49 €"},"recommendedRetailPrice":{"value":35.99,"formattedValue":"35,99 €"},"savingsPercentageFormatted":"68%","metadata":{"displaySaving":true,"displayUVP":false,"displayPriceInfo":false,"displayDeductible":false,"displayBonus":false}},"available":true,"defaultSaleCondition":"OR","onLoadBeacon":"Ly9iLm5sMy5ldS5jcml0ZW8uY29tL3JtP3JtX2U9UWNJVTJSZDJwODVkellsYndCanh2cU5JM3lNSHdHNHNuWmZUalNqdXA2cGFveGhlUE9TYS1QMVZhakJFdk1oZ2Y2b2hkS0JjMDY0YnFsc29mMjZWV2h3a1VrRnRTeUhqMjJKNFAzdlduZXdmM1hnRjdfWkduemxzdzl5STRuYlJ2bDB5RDVtbE8zRWh4SnNDaHBGTG5nR1BGUVViMS0tbXRJRzZ4aXpnNExud0VTc0ROOE9tb3FOT1R5ZE9kekczNEJ1Q1BwY0hqNFV0amRfTjlSVXkxZWNBcVUwYzJnSFkzcWltMGNST0tnY2tHcnJ2OV9SOXUtLV91UnBISVotNzhuQWcweElrbXVhaUNaU3lyMWM4OXh4YzdJLTJIN3FfTExlX19mWXV1OWxpa3VDbnFoNTFNemZfYUpkWDFjRnIwbDl0dlpOUTRNdFBhRHY2SU1ncGRSa3c5TEQ3V3E4ajVaczh4VmVfQWE4JmV2PTQ=","onViewBeacon":"Ly9iLm5sMy5ldS5jcml0ZW8uY29tL3JtP3JtX2U9MWp4V2NKQ2ZIeHFVZUZiRmtHY2V5U1A4MlJLOGtuOTJ2dERSLUJCVG5HLWhmWktMMGl1VzlIV1dFb3J2b2o2SnAxSmlDWFBIZmRyS3NqT1otSERDLUk5T2FvcjZjS2lpM3FaVEJTZlE4SkE0djd0UWpuYVJwaERwTnNRUHI3RmROd1FDaTNmNlNYNFltWjM1UVVLSDNKcVQxM0dJMFUtZjU0Y1ZkUFBRX2FWeUlGMkc1b3BDM3JUdVl5WlppcFVDbUpyNFlwUmJQMzFEempBVjhScVJCeDF2NEdVeEZuUlR6ZTZtc2JzZS1ETkUyclNIbXVoWUREanFvZl9fdTk2VjNuUWxZTXBJdTF0QmFHT3hWVlBPemttN2MzUXpzcmxIbmxqdnNzTzZ6blRwYTR2R3lUZEl3S0Rxc2Vjc0pMUGdrcWNlYWVlWXRNdlRpT0dPUENrMkVKTnBVbERPVE1qRE54eXhBWlhuNjAwdEgwTXN3MmtyclBUX0VleUI1TGp1RGZVSW5YRjNjTjhmRjN2OU5kei1mQSZldj00","onClickBeacon":"Ly9iLm5sMy5ldS5jcml0ZW8uY29tL3JtP3JtX2U9Tlotb2VLX1pxZW5KZjJNeDgyZ3N0T1hGQmRsOFN5bHl2NUxOMTFDWVQ3b0RCaFh2NmxmYjBBNVotNnItc1laRkdyWFhlMVVYUXNfUDh4SVBKaDZIZXF2alBOOHBTZnZ1S1RadDVkWmFlOEtkUjkxc2hYTUMxYXBoZ1hnVUdseDBidDJjc0kwRVQxUmFJQlhtOG1LWlA5UDZHc0cwcEQtWXFxT2Y0enBtbW1kLV9JVk55U1QxSDc4aGVDenFvSkZ0c1ZFUGR5OE5lM1lqZnNjd0ZRN01vYVFhZ2ZrMjBQb0c2UC1IQ2Nwdl9xYnBkbE9lRVhudmJmblgtV2xmanBOYWhhRjkxbWFuNmMwVkZ0WGhhS0pRSzF5QTNpRWhWcTdxSi1LdDJvR2ZfVV9tY3A2ZVRFc0JKdVRxSWl5QVdNYk5SNFBnUTkxSklxb3R5UDNFb2ZHQ0FWZGxNRnlzb0EweG5TWTRfTDRQWnVjMDctQURHcW54UWNVcFJpUHBfcnJmZE1sQmtvMFdkckk0Q2tSaG9nVFhUUSZldj00","onBasketChangeBeacon":"Ly9iLm5sMy5ldS5jcml0ZW8uY29tL3JtP3JtX2U9THNvUFhSUi1aRFNuVGJEc1hoSzJxR09jZlRCRk5xd01mWFRoT2tlYkxLUzhJQm55bzF2bncxbWlqdFVnZDBLS3FzX1Y2MWZKQ0FSY2V3NmExbE43MjJ1SGxCa2FTQW5sYVVrTUhpT1dqLVhBVzRRSm1XeHBxVkpMRlBFUFpVQ0l2MFIzakswR05WNVJiSnZQZmppVmdLNktFWHBibFVXUHVWdklRaVBycnR4UDdoNzB0NU1tR3kwMDJZNTRKYTlqdEJORExEMThxZkVBaFY2WUhYOWdxdHlxWldVV2d0NFhmZnR4LW5XUk1QS1lZeDFSbUxsdkZqczZ5Wl9kNUpYejNQMjh2YnJzUms0Tlo0aVFKWjhSTDZJaDdOd003cVhXS3ZIUHpxel81YzFYVkZHdFJHZldaa2hiN2REbmlKSDdfeXdjYjY3U3NIcmZUazRsX2V3aWRwQ0tWejZvMkRacTBTVUxJS2ExR2tmWGVHZEhYYkMzaWpZeGl0VDdnbTVLSmE0YzJiZHQ4QnJuNE1rcV9UcEdDc0xfcmxkRU1rcVZ0WWVNV3Zsd29KQSZldj00","onWishlistBeacon":"Ly9iLm5sMy5ldS5jcml0ZW8uY29tL3JtP3JtX2U9SndlaEVOMWtsdXFRRWRKaE1ac3pvenZtUFVzTTgwY2xQRk1RdlR1bUtPTTRKaVRBVzVXcHNVTXRfc2E0VVdqV3ZxdzVHNzg0Y2hjbE12LW1XTmlfcGNzNlBVMS0xazkxY2ZZdlRpZDU4ZjU0VGlJejEtUmRsa1U0N2tBTm4zODVzVGZydnNMWi0zYmxpS1JYekZnTGxfZkhLcnFNWWQxZmRvY25oTEE5UmxjSzBpNmhwWWRkQWJPOTFaMFpoTHZNY1prUUVOXzV0QXRlWmVqOEZKckRNNGZ3aXVPVXNPekZiYzBabExvU0FpZ2VpMERzeGRwdi1ES0hoQnlpQ0lUcUZtVWFVRWRwWXBtYTZ6YW1pSXlKVDIxbGxkNF9FaGpSS3EzaDFwVmhMcnNaRlo4SnI1cl9RNDY2bzQxMWRnU3ZxM29jaUc5d1YtMldsY1NxY290Q3FZenhBblc1SGRLeTY3QVRYcmtpdEhocGxWSEFWU3pXQ1ZwNGpuZVVRMmhuMno1YVJFbWtjbndtOEhHMHJwWlBVdyZldj00"},{"name":"Magnetrans 400mg Magnesium trink-granulat 50X5,5 g","code":"16314953","images":[{"variants":{"300":{"formats":{"webp":{"resolutions":{"1x":{"url":"https://statics.docmorris.de/static/produkte/LGUA7TLD/docmorris/ps1000/magnetrans-400mg-magnesium-trink-granulat-50x5-5-g-16314953-0-1714052040516251.jpeg"},"2x":{"url":"https://statics.docmorris.de/static/produkte/LGUA7TLD/docmorris/ps1000/magnetrans-400mg-magnesium-trink-granulat-50x5-5-g-16314953-0-1714052040516251.jpeg"}}}},"width":300,"height":300}}}],"url":"/magnetrans-400mg-magnesium-trinkgranulat-50x55-g/16314953","reviewCount":0,"rating":0,"dosageForm":"Granulat","packagingSize":"275 g","baseprice":"62,87 €/kg","supplier":"STADA Consumer Health Deutschland GmbH","brand":"magnetrans","badges":[],"saleConditions":{"OR":[]},"prices":{"salesPrice":{"value":17.29,"formattedValue":"17,29 €"},"recommendedRetailPrice":{"value":23.89,"formattedValue":"23,89 €"},"savingsPercentageFormatted":"28%","metadata":{"displaySaving":true,"displayUVP":false,"displayPriceInfo":false,"displayDeductible":false,"displayBonus":false}},"available":true,"defaultSaleCondition":"OR","onLoadBeacon":"Ly9iLm5sMy5ldS5jcml0ZW8uY29tL3JtP3JtX2U9Y0FFOHQ0R0l4V3kwMVFETEZSU085TFZoMFhHQWhLUUJZUDcyRUIteVBTcDBpRUVsc3Z3cTdUUFdVb0ZoSWNYREtiVUM4Ym9YbUQ0R0t5bTUyOVRtUU5YV1JseWlOd3R5OVJ3Zjg4TFl0QTh4b2hDc292WUZsMjd1MFRwamptYUVwVDJCZUlSUFdsRnBFLW9Yc3NZbnhJMjVsOXQ0Y1BEY3hEaDVUQko5NEZYc2xQVDJpNVJfa0kwRElKdTZ3Vy1hRkxCQ0d6UWhSUHZWUXFaNUtsNFo2MGQzQzkyb1hId0pyTWZ3cExvdzc3YlhuX3pmQnpFNkdCUHljcFBULWRCNHpZZkVFZmY3TkNJbFV6RFM0cl9nM3VrZHBXWkEzdHNMZ1VsRWdGbm55WlRUTDZRaDZXaW9oeDBiYWxxQkE2d3ZpWXoweGpvY2xiUjVRM1ZZOVRYZ1hQMWZJMjk5RzRmVUJ3TVpNWEd6a21NJmV2PTQ=","onViewBeacon":"Ly9iLm5sMy5ldS5jcml0ZW8uY29tL3JtP3JtX2U9eW42NzE3YXpIell4cU53ZC1TeWV2Y3IxS3JRWTNJcGVyTXZ4NnNmc3hMQVc0SnlkVHRuWGFrbUk0S1djcW8tenZuX1NlUHF4ZThjLU9lVFVVQW1QTVRDZ0VLbGdSX2JzRVZSNlUxM2NoY3pYcjhvMnpKZC12enJmVExTU0VLekc3SjRWcVBYeDBpNGZSSHNJUzdDdlFWaWRrOVd1OWNPVmNVN05lcmdWa0NQWlVvWGZ4VF90U2t4aXF6dDFNYkFfbW50cHFHeGhsdHdRZVotQkZsQjdscVdMTDVycHppVjdZT1JWdC1uQU85U0pSa2daZEdITnhFS21aZldtQjIwVWgwV2ZqOXlxS3hqS2JMcW81cTNuSXpGNGY3alpGb1V5TFdQTmZJLTAtUGk5S3MtZGJXWm5FbU1MTl81LUs0YUxmZjdfN0VNeGNYV3p6WENMZDhuUVg0RGMtN3lJeVFKVUVJZGZZdndGTW5jejV2eUdnU3A0OURHWTlUUDMxVmR0JmV2PTQ=","onClickBeacon":"Ly9iLm5sMy5ldS5jcml0ZW8uY29tL3JtP3JtX2U9TENWbXowUU1zQTFWRHpNNjhYd0xnb0JTaVQzOWNfaDBxbzRReU4yaG9hS1NqTUowM1RRcmVwLWNrQWlhS2ZYd0tuUXp0R1hWal9uUXRjWGhwczdvWm4xYmR0UVJDYlBZZDJjdXRjM2s5eWRwS3NUMklnVTl2TkUwN0pTYlkzeHYyMlRDd3hHN3QwdlFIbHBFYTRPbzdCWmJycVhBeXJ1QW4wdWtjUDZfbllVVjRoaklST0lyY0I3T2ZVY2RWMklWX2xsRlhiWVh0bUt1ZmJXcGxXZEFvR3gwMllJNGF3Mi1qTmE5dWRDcVFuTHMydE5QZlVpNEZTVlhVeWVQZjhOd184YzJTNWVvdnNoUUF6bnRNLS1Sd2JUYTFyb3ZsbnAzTkFqNHpOaXRCclpwXzF3YW1RcFoxUDZXZVFwU2lsOW1oS2xxQkYyR0l5LXJENWNDWU5QaHcyR1RONnJuNTNadjh2S1llSTJsMVBacWZhVVdIYXkzMVUyM1Q0eDZhYTNpM2luU2lYdFhpbHJBQnVQU3FCQ1lOZyZldj00","onBasketChangeBeacon":"Ly9iLm5sMy5ldS5jcml0ZW8uY29tL3JtP3JtX2U9WXV6ZDMwa0htaXpBQzJqeXlXT1FDVzlXaDhlVHR0NDNnZ004ZE10Y3BVMkhHZkJYX3BBYkhrY1dEOVdxMW1FVGVxaC0yRHE5bUJWR1JkcWpZcWlJckpleE5pcFQ0dWUwQ3JoVXd2cGVrRWJzb0lxTTVHSERDTFBYQl9RdUNuTjB6M3YzQW9mSlFWcU1rU21rdGRLa3hsVmhpVkRITENEaXpOa29MOXNDZWRlYTJHdFpMdDNnNDZRYVJRNXpSYjJ4NU15cm1CN0pYSGFkZE9CckFSVTF6c1oweVhCNFpKbFBJYmJwX2pOTGI3MGZSMmhFU1FiMU9ncnVJN1NIekVuMlZYMFdUOVdvNmdueW9JOHhRbFIyN21seV9FOGdoYUFBNXA2bVcxdy1JY3J1VDRHRFdmOG5ES1c2NlMzRFJ4bDc0Ni0tS0VTb2E3VEdzWWs3THBPREJ5TkpVZUxFaTNyRWxaSmRpejNsWENHcFQ3UHo2YTFXM1JQbmp2X1hFQkxjZkNyQ3h3S1VkTnRNNU85eU1ORkU3QSZldj00","onWishlistBeacon":"Ly9iLm5sMy5ldS5jcml0ZW8uY29tL3JtP3JtX2U9S2VVcHl6VjJRcUdlRks3NzFHbzA3Wi13c2ZSTldwN0pfU2E0V2hBMzBIV0NfNWlFaUxwX2xhaW8tVzVzZ0hDT3FrWTlqekI1bnotTExaaHBGXzZsTkJNN3d5MmEweVZnQ09TUlF5TzlHOWdEMWRnRk5PM1Z4b05FZnYyYjBLd2dBNDd3czhiSnNLdVlzZnYtbWZkU0xkSzl4Tk5hWWxHVTlQckN6Q1JrLTRlZENUd1N4eUw3UzNWZWk1REJNeWtGWDJYWmx2QmlMdEhWMlJvekpxUklHdkRvb3VMT3FKYUdLX2UyTE0zWktCY2tTSEM3dlpRQkhZN0g2Rk0zNGtqUXNzLWZaR0JncTBuQlJXWF82RDVpSnhHT2VFcjdNRWRGMDhvUEZjaVd1NVByNy1IX1lSZEg1WkNWTlBTQnhocFByZm5ESUtJSHdmUlFBUnNBMWdocEoxMTJCV0s2dkZESjF4UUowMjRGanh5MnJER1FWWldDU002ZFNjcW10cTBtRElYYmdwdVlBemhqVjNmVy14OHNWUSZldj00"},{"name":"Magnesium-Diasporal 300 mg 50 St","code":"10712463","images":[{"variants":{"300":{"formats":{"webp":{"resolutions":{"1x":{"url":"https://statics.docmorris.de/static/produkte/FX5WJ7WV/docmorris/ps1000/magnesium-diasporal-300-mg-50-st-10712463-0-1714037809320807.jpeg"},"2x":{"url":"https://statics.docmorris.de/static/produkte/FX5WJ7WV/docmorris/ps1000/magnesium-diasporal-300-mg-50-st-10712463-0-1714037809320807.jpeg"}}}},"width":300,"height":300}}}],"url":"/magnesiumdiasporal-300-mg-50-st/10712463","reviewCount":85,"rating":4.7,"dosageForm":"Granulat","packagingSize":"50 St","baseprice":"0,34 €/St","supplier":"Protina Pharmazeutische GmbH","brand":"diasporal","badges":[],"saleConditions":{"OR":[]},"prices":{"salesPrice":{"value":16.79,"formattedValue":"16,79 €"},"recommendedRetailPrice":{"value":20.95,"formattedValue":"20,95 €"},"savingsPercentageFormatted":"20%","metadata":{"displaySaving":true,"displayUVP":false,"displayPriceInfo":false,"displayDeductible":false,"displayBonus":false}},"available":true,"defaultSaleCondition":"OR","onLoadBeacon":"Ly9iLm5sMy5ldS5jcml0ZW8uY29tL3JtP3JtX2U9UEJ1akphbzQxTmppVHhUVk03Wm82UkVOVTVRSEw3aS03X05uWFFBNXJ4X2dlOXVPS2M0WXRxTGlfWkZQUVQwSXVoZzN4Z1QtbVhPRVg1UXNKWTJOTGxDMDA4eno1eGUtNHlZZmhSV2VIRU50d1BBNl9kNnQ3N25wZ21IV3ZqUWwwMUVwRGhId0lqMExZaTBhT1pwME94c1pTSFBOUjhJQ2FnQTRZNGxvaHppSUhlR05QVnNiZlFJZ2hZWWNhbjl1am56Ti1pMGxpaTFINTNtNXY0d3J5T3pCVmRHRDBOemVEemtEd3hjVmlhMXlXUnR3NnpPbmhKZVFGd2tNTTlSZXpDeGtFUW51TmtrSU5RUTNFajZXTG50emRkSS1JUENyVHRfQWhydXI4TklhN09qTDFSUE10T0hUbkRPNWs3U2ZVLWNJWUt3bjY4WTNUaGFWel9heXlRaEljVi15UXQ1c3JVOUV4Q1Fac2owJmV2PTQ=","onViewBeacon":"Ly9iLm5sMy5ldS5jcml0ZW8uY29tL3JtP3JtX2U9VzV0bXpTODgyb2NRaTZySU5mLVFkdlphYl9Ca1htbFFaQ0plcmp6ZjRObnFoY19kTEpqRTlNc00tWGxUUF9JV0F2TDl0dkNrVzdQWEhVLVRud3BtZndWNVBLUkg1Tm1WWmRucEN5alRkQVBNOVhxZEZkRnc4OXFlM3diVmN0aHBVcHhEMWtueE5YS25lWkw1UG1MUXZjN0U1X3gzbHVYTmZMb2VYYTdTV3pSZzRPeUxZSFJ5LU1KR1JpLTF4VE1Zb3BTM1U3ZDhyUUhDcndPUjFvdlVLM1J1WGNmdXFEenNYVW9KUkNMbEo4cFgtU3BSZnZxdVp2YzNsRTV2cXdJclFtZlNUU2pJOENlZHBPSk1oVlFLRGdCM2NYdnBuN0ZnY2ZXWDR1UEJpcGpOZGtjTlVXdFRnbW1LQmxlRXQ4U2ViVUF4b1RzTmNwY01jekVuWlZ5OGVGTlJ5Tk00OEN1VURsOGVDNG9lX181UzdrMkx3MWk5NUlsb19qZU50UDRvJmV2PTQ=","onClickBeacon":"Ly9iLm5sMy5ldS5jcml0ZW8uY29tL3JtP3JtX2U9dVVHOXRLU1dRUEVJeXJoaS1vd2RXMGZNM0xwOWdmTmRuTFJRSjJVcVJTWHZQQU90R0J1QmMzd2xJYWZHdVZQUFFMamxjbDJFV0FsWjhtQURDeG1vVWtraGViTEY0ckFaQVVseUtuQ1dNcUUwRnJzM1FET2tDTUhqUGdoVkJxdXgzMmZqZHN2TE5oV2p6c25xYjFpeVk0Zl9XaDVucmV2SG8zaVd3cnl4M0J4ZEEzazFoT0U1eGZfbWwxbktCcE9aSEJCbDRpYVA0SE5INDlybWt0MFNaN041S1dFTFRVVWFpMWV4cXEtN0IxcTNOUXlmVnkwM1ByWFZRSUNOV0xqTzZ3Z3ZIaXRhNnB5amhHV2Y2UUtmNElobmlHTm9yRmRRclk3X1NRWEw4c2pmbFFIbDlxOEo5SldhLVZ6ZENqdTcxd3VHUHpqQ0gzQldiYmk1blRHT2liSGtLQVdNQUU3TTZqLVVTdVpuNDBzcElXUTdCNlYwM2VZSzRtbEdRc3RUMmpjODZZS2VQYURYSGZLNjhpbE1qZyZldj00","onBasketChangeBeacon":"Ly9iLm5sMy5ldS5jcml0ZW8uY29tL3JtP3JtX2U9VU9neHdpSTJ0NDkwUkpxV0daM2RNS2ZkT1hMcHNnaTZBT0M0QlFOSnhnZUQ4TkpHWHVDODVFandQUlVXaGRyZ2NKb3RkTExJb2dFUEVVYXF5NkhJQlUwTUoxWXQwQjExdnNZRUF4X1FJY2VzNm01Q2piaHVtbXdyazhZZDBlR1BKVUl0RE9UZXlxNnRxMFgtek5LNTZ1cXNNN2xLYk9QMENjSFRFYlZTcVNZaGZJTV9fU0Zaa3lPY3hRcDh6V3hlVGtLeWVKYmhlYnFoV3Y0Mk5OTnpWTy1Xejc3QzViTTVHTC04bFVES1p5Q0ZwNl92NVpJR1dQYWtZUWhHa25CZkFiMTA0SFdoWk1ZVVhTbTRMREt5bXVSR3ZEcU43dDdydUJfVXBBOG0wTmZpNnFud0dxaC16YkNlLVBUdnNuN2VreFA4a0dWSXZla3pHMlktYzhMZzhWZjdjTVlfQlpWN1BNN0U4ZlppcUFhRlo3bzJVc2Y0clN4a1k4a3pIejlvaTJiYm9peTNvRF9zRTlBaGl4eTZEQSZldj00","onWishlistBeacon":"Ly9iLm5sMy5ldS5jcml0ZW8uY29tL3JtP3JtX2U9cXZxQ2hmRUwxUFUySUNYNHRqX2lLc1dGOEQ5a2k1dmZDLWdFOXpIRjN4bTlxaVJLemlfMGQ3Q1cyUEJEVUVoU1pya2xnZHUxdjhVal95NC0ybFd1NDBUQWNacnFkRnRsMmkza2dkV1ZUN09WallPN1NvQlRvNlJYd0hHcGxaZWFQSkZCVjRKRkJ0SThQMzl1SG10anplTWlnc0JzUlIxWS00Vmh1dGNZa2JOaFl6bDR2NGFGMkZjTkVYaFp2ZS1uOHJuYUVETGdTM29ZbzVoZGNyTEV3VzROMVJ5cDhjSU1yTXJOTnZSV0J1Ulk4SXd3MGJhLWJQaDlPQ2FYNW1MbS1mR3pwSHZ4dHJaQ0ZBVGxodHRVUlNXaEpkbHFpd3NyZTZRWTZKNXkzSExrNmtiVzBXQTg3R1I5T2Z2R1BNT3FxTkZNWjZyUW1FbDROVjQ2V0Z1TlI5U0dwMllUQVR6M19NdTdNWHVQdmhWT0JLenFhUHVnMkJqektIMVdyeWdUWDhFbU9CZVV1MHdNd042SnphWHFsUSZldj00"},{"name":"Dr. Böhm Gelenke\u0026Knorpel 120 St","code":"15390952","images":[{"variants":{"300":{"formats":{"webp":{"resolutions":{"1x":{"url":"https://statics.docmorris.de/static/produkte/FX5YQBR4/docmorris/ps1000/dr-boehm-gelenke-knorpel-120-st-15390952-0-1714049880955932.jpeg"},"2x":{"url":"https://statics.docmorris.de/static/produkte/FX5YQBR4/docmorris/ps1000/dr-boehm-gelenke-knorpel-120-st-15390952-0-1714049880955932.jpeg"}}}},"width":300,"height":300}}}],"url":"/dr-boehm-gelenkeknorpel-120-st/15390952","reviewCount":2,"rating":5,"dosageForm":"Filmtabletten","packagingSize":"120 St","baseprice":"0,39 €/St","supplier":"Apomedica Pharmazeutische Produkte GmbH","brand":"dr. bohm","badges":[],"saleConditions":{"OR":[]},"prices":{"salesPrice":{"value":37.14,"formattedValue":"37,14 €"},"recommendedRetailPrice":{"value":53.2,"formattedValue":"53,20 €"},"savingsPercentageFormatted":"30%","metadata":{"displaySaving":true,"displayUVP":false,"displayPriceInfo":false,"displayDeductible":false,"displayBonus":false}},"available":true,"defaultSaleCondition":"OR","onLoadBeacon":"Ly9iLm5sMy5ldS5jcml0ZW8uY29tL3JtP3JtX2U9Vlp0RjdKaEsxNzJWQkhWTjcwRUUyazJnODZmbmV2WG01bHpJZVVtMThfT2hId3c3bzA1RkJHd3RfVGI2U0JsQW50WXQydVBkYWVvdjEzR29IOUdENzVVcDRLS0l6U25sQ2laYU9fVElTZjNyLUhxNnFwV2FPNlhMR3k2aVlJX0djMFlodnd3Rkt5c0Q3a0pQVGM0OFpGYTllQVVpSWczd1ppVV9RUjNMMkVlNHJNWDJsc3RtTS1wMXkzOUtyRFBWNHM5cDVnZEd1bV9ieHh0d05kNzFTUGo3VW9WS0ZWZ21iR01QZG9KTUV2c0lZckJrWGtHSUFkaUdFZzQxTDlrQURtUDQwUmZoMnJydzdBamJMdEZQa1JLVm1uMTdMeWhSQWpGMjFvOUFQaEVkNHg1Z2dBVV94VncxRzlBdFRTT0Rta0dKejcwMjZUeWhPU1g3dmhzaVBxbVhGMTZSWUNUREh6Y21kdmFxRjVNJmV2PTQ=","onViewBeacon":"Ly9iLm5sMy5ldS5jcml0ZW8uY29tL3JtP3JtX2U9bUNxUHdXZllVekhYZ0hJUmstRVFVZTlybmNDa2ZlN25yXzNqRVFqY2JZTkx1RVB0OC1MY2pOUTByeW9NQ2QzclZWZjgyQTR1UjZJVllvXzBCejVkcTViNTlPeTZjVFo1U25UbWxCaFJ0SHJKRWJIbnliVVpOb3dJMjNkVXRaYmdTYmNfdkVZRmJMcENVRWVma2JFVHdmQkJiSUxiYTF0SE9WR0NPaE9MdzA4RXc2amNtNUhYRzI5S0Q4dkx4M1UwOEx4ZXNzRFBjMG1KaUxkb0VsamMzLXBoZEstdHMwOC1Mck4wTHdSbE9Cb1ZGZkVNenRublozTktsOGJDTDNkdzRILTI0M2JmUGM2d09DaVFuNThqTjZsRjdBbnN1SHF5aWJXV29CUkROQXFrUWd0cktQU0ZmZnJIQmpPb0RKOU05UG1IRURyRFV3Q0R4UlNmejRkdEZpUTdpM3lWVHJmQWZycV9ES1Q1NW9KWk0yMHBuVWZiWUttMUhJdmtHVWlLJmV2PTQ=","onClickBeacon":"Ly9iLm5sMy5ldS5jcml0ZW8uY29tL3JtP3JtX2U9d1VxU3hPVHdRZEhRdHcxSHZfckM4eldldThlYmlNZlBRWmlZb21aSVg4NEVjTUFrUHQ2R2VrYUxOLVZUbE5La3dDWmtlaEFfVkNfVlYzTUI4UF9FVXZBNXJHbnY5aC02NGlUMUF2R2RGN3NYYUtwYktDdFlseDBTWmN6eWtERzhrMUZWZG9VX1Zsa2laSk9tcEoxS3VCQnNGNmN1Ql8wOUdxNjRCWU16ZHcxemg3Y21tcGxMVGVfd1BNZmVDbVJBaC1NZ2lQLWZ6RF9IdFFfQXV4czRkcWxsLXhkR2l2OUFwYnFJSlpzUnMxLTRWNEUtMWlabXE3eWcwV2lGQ3RCWHN2X2FPU2VIY0owOHV3ZXQ1Y3dNeUxHWDFjMWl5TDl2MlJQZHo1MmJxZW1ISU14ZGpENUZndEhEcjZKZFl1OEVnZ3VVdnZCb2F2VlN3RmJtUFpHSndvOVV2cnpEYWxXSTFzQVVnU00xLTNCX0RIM1lVTHlJdHowRkVSZUM0c25mRE4yUDh6MENnMUFRYVJ3T0VUVjVsZyZldj00","onBasketChangeBeacon":"Ly9iLm5sMy5ldS5jcml0ZW8uY29tL3JtP3JtX2U9czJnOEdWdHkwZmZkSEFYSmVPYUNseTBwX3RfQzFQSUpnc2tRUmRwRWV5YkpEMl80U1dLSlV6X29XaW54TWd5OHRXTjc3ZWtEUlhoNGJVVll4cW5HYmxFcndhbWFEVll1dDJWNy1vbHpYTFVnajZtSURHWG4tNWZkNDZqelZuY2dKVl9HNjBWWWJOTm0tY1paanpNMnphWTdEalVOR1RhdGprMHhjeWhoaGJxY1Q2d3ZBV2dkOUNSNjVqbUJta285Y1lGOVB2UFEyOERXNEp5NkItN3lUWWdQSVoyUDNLb25OT0VveGRscF9VcjdualY3dXJVNzFrTVZOTjFxaDduLWNXXzM0Z29rU0ozckZ0V3g0ZFRkVzUzMF9yd0xYeUhuVzVNdkJaQXp0U2FCQkZXUGdtQWlSUDZ0UTQ0LUtqVG53U0xPS3lpZzU3aXc4VmQ1dU02Q3RpaF83LXl5a1Z6TmI1UUZ6SWx3eHNOcUQtZlNwNDZRYWJNYzZiTEhsWmNOVXpCTGswQ1JRcERHODUyVUVPS2tlRmRpUExVLWFhSy16RlBBWENJTFBSSSZldj00","onWishlistBeacon":"Ly9iLm5sMy5ldS5jcml0ZW8uY29tL3JtP3JtX2U9RTF1SnA5QTlITHk3YXBFQkp3TEpTYUFKRWVRRUhrMWg5bFU3a195VTk3WUFSbkRVUXNOWmMyOWJRMU5QVUxMeTNSNDVVdWM0U2Nwa2N3T05GbTROcmVWZVp3V1kzM1g2Skc4UTE1TUo3WVpiTjFaQ0xTODhLSDlkWnY3cFdDXy1HSTk5N2lMRnk1UE81bXBCYUx6dDVoSVc5b3JOZ2RjMFRHd25VYXd0ZlcyS1diYUI3bW9ld3V2eWVuV1dJR2FHcjU5Z0Y3OVpYdk1QazdxWWxsanNDYm1RVDVmOS1JRjZ0S3p0TTBKM3pGU0EtcnU5b1hfOWtBOVBSMDBqbUpuaTQxQzlKR1hBdE1aSTdBSmc0UUxpZGRQZHdIdnZUaVZLSzNrMHBaWjNEaEF4bG8tNDJvbjZnbUVBV1FKdW11R2RwNWdxRXZ1YkhKT2d5S2xTck9LTS04b21OUVNwdnRtOGpCaTlrbmdHWGR6TE9uUXRDUUhvT3ZMSW1iak1ybVYzVjFqTTl5b1VKVUp4SkRKZmpuTUJqUSZldj00"},{"name":"Glucosamin \u0026 Chondroitin - 720 Kapseln - TRUE NATURE 2x360 St","code":"1YKT33KP","images":[{"variants":{"300":{"formats":{"webp":{"resolutions":{"1x":{"url":"https://statics.docmorris.de/static/produkte/1YKT33KP/docmorris/ps1000/glucosamin-chondroitin-720-kapseln-true-nature-2-x-1YKT33KP-default-1720618932002508.jpeg"},"2x":{"url":"https://statics.docmorris.de/static/produkte/1YKT33KP/docmorris/ps1000/glucosamin-chondroitin-720-kapseln-true-nature-2-x-1YKT33KP-default-1720618932002508.jpeg"}}}},"width":300,"height":300}}}],"url":"/glucosamin-chondroitin-720-kapseln-true-nature-2x360-st/1YKT33KP","reviewCount":0,"rating":0,"dosageForm":"Kapseln","packagingSize":"720 St","baseprice":"83,20 €/kg","supplier":"","brand":"true nature","badges":[],"saleConditions":{"OR":[]},"prices":{"salesPrice":{"value":55.08,"formattedValue":"55,08 €"},"recommendedRetailPrice":{"value":63.98,"formattedValue":"63,98 €"},"savingsPercentageFormatted":"14%","metadata":{"displaySaving":true,"displayUVP":false,"displayPriceInfo":false,"displayDeductible":false,"displayBonus":false}},"available":true,"defaultSaleCondition":"OR","onLoadBeacon":"Ly9iLm5sMy5ldS5jcml0ZW8uY29tL3JtP3JtX2U9X3VxWHhxaTFqOThDNmhwNUdERDBZNGtZRi1Vam9FQmtiaHN4UW80Z2VNOVk5ZUE1LTdMQkMxY0lPbW94Um5pTDB0OHF2SnpvaWptQlp6QnB2WWtDQVVKLVdOYXVwUHFfaU8wLW1VblQzQnpELVZOSko3SDkwY1EyT1V5bjdvRlZXRFd3T3B0N3FyV2FGTVhkRzlldC0yS1ZYQ2lDbjJ1TGUxWmJVYjhKcnhLcHFGalRWMnQ4cVhZS3NncU9tMWZlSmd3bFNHMDA4QTFYTDUtalB0TGFPdTdZNDZubW9ZTlpvMTkya0UtZWhPTW82SnFkWXhBa1dKRE5nb2NBMFNCOXdyNUdBU05Yek0tOFlZeGVrdGdjZnFxaGpTZl9kaHd5UHZsLTl1NG1GeVdJSTZlYmo0c1A0TEt6SHZFVFZHNVEzXzljRnhFblVpdVBSWVVRM0h0aVRsZ0NkR0o2aDE2Vl8yeGRyMHlPb244JmV2PTQ=","onViewBeacon":"Ly9iLm5sMy5ldS5jcml0ZW8uY29tL3JtP3JtX2U9elpPTUUzVHNtWC13NXQwZVlmQmhadXBCMW91UEpfOTNvcXlJOWhtNU9xVEJ3WjZBVHhPQm9Ud0hyYkRzWTNMdTlKWTFwbFJpU2VEM0hHa1NaRExkRlBMNXJTV2pDdlNTdVZ6YlVWc3hjOUs2cWJmRUNRV2h4aHViZHJlWUpTdmpCdmFZVkg0dWVqLWhXbHpEN3dSRXI4S2N3bEhjN25tR1hDcXZsMzFXNXBZanNDNDdGcjdCTFdZcU91c0RoZC1oQmxBMnJkQkk0YS1OeUlwN0p4TkViR2lCdHhPcmIydkU3NW9NaktMckdfU19WTnhnUFVhTUh5Y1Z1ZVdFV1Z6c3pQMVhUVWhraTE1VEh1MGFuZzJmckZ2MHhJRDF5TEpWTWFLME5rakNET09kalBYWjBnZFduRGx2c1gxMlZwNWxabXR6ekFDMHcxeE5rclBIeWhnUTBtWDRTVkZzZEVwVUJkMWxzcHV2aG94YlhianRPUjcxTmMzMXlvZ2R4bXlaJmV2PTQ=","onClickBeacon":"Ly9iLm5sMy5ldS5jcml0ZW8uY29tL3JtP3JtX2U9SEtVS3ZzN3BSNVhuUkhXUHVHTHhaaERQa21oZUM3N2NrMW9qQWlVRTZWM2VKdVZGcF9ZX3JadDYwcDJsaWpzblVrVWd1cWhuQ2lhQzFBYTY2TUlLYUgzRlRtc2E3QXluODhSVkctMWhfTGhmeHp6RVFoeUx4RUhtQXdJQVhYVmwzeWJfTC1haVdaN1RQb1hWZElkT293OUlpMzQtWUdEYnNHWktNaDhXQzIxYnNMVUp2QmU3VDNnc1JVc0N6M2YtUTY0Sl9kdjJCTGpHVFRDWG96c1dKSkhfQ0p0VHJ6OTZVSk9rLWdjTFVzUmFTakdabUQ1TU4ycURPNkRHUmZqd0NJVkljX1FxQnpYMzM3RTBoa20tcEtzcFlKQnVNZXJKSXFFRmV1MHNSX0FUSmoxb3Q5Yk5qbGloZWdGY1RjblE0X1RYbjVLOHpiMVdvdTQzdE9FMFlFZGxUMldGTnFTdE9NM0l1Mm4zUk9pajdXZW5veW52ZW5EUmV5dFViZHoyYmpzMkl5SmJPRnR3ZEg2VlMxXzNGUSZldj00","onBasketChangeBeacon":"Ly9iLm5sMy5ldS5jcml0ZW8uY29tL3JtP3JtX2U9QV9NQXBpRndCY19JblU2ZW9CdkF3QVVCREt6QlpyeTFtUURsZmdLUlEyVGZQRjRhay12b3ZkWVFVVjZMekJRZFNvMy1xX3JrUXZZNVNOWlNpWTJaU29XVG8zS1J5WkJuQlJCRUhJalVWa1FFQTFCZTd6NFZqTDhzdkZXczQ1NUtQVjNCaWRqSmVsRWtBZWJJZjZSR3RhVnI1S1dKNUUxTE91YXluVzgwU3lnZGZ4emRiN3lqM0FCY3hfa1Q0WEh3bWJKUDlKZzlldlFVYTdSSDczRDRQOHpPUXVvR0hRN2lkV0NsR0F5dldlblktTzFjekoyOTFTUG1mVjBEUmVKdDlydEtxWWdVRER3eXJVUUhYUWlNaWJmc1NjRWE0WHZHRGJ0R25MdnhqX3BDNTZPc21FbEIxVE10WU5yanREcmtmOXM5LTVlcVdVNEZmTEszOWkzbFlGbmJpUWl6SGE0eG5BMnZVZ2JsdXVSZDJyY2hHZGtRaU81a2lmc1M3RkJ0eTU4U2hudnNBeGhQZTZzeURabUpSS2RoX0NFc2hXbDhWYm8wOW04bzRUSSZldj00","onWishlistBeacon":"Ly9iLm5sMy5ldS5jcml0ZW8uY29tL3JtP3JtX2U9VFM4YnZUUWpud1FJbFVIUnJja1JqT1hKT3NLMFVrSThlOS1EUmFWbkl4aE52dXJaYUlRSk9xWkk5U09aUFhxQXdJaTdIUF9rUWRDLTZVX3oycV9vTFRrSlpzbU5IWTRYZ191WVlfMXdCbWtLa083TUhjcmFIcGNQVUhpTk1XOFA0THNSUUc4WU1ibFNYdXdKd3J4d24xdUgzQW1HVnB5c1prRnNDMk04dWZBZFlIeTJhN3g3NEtPNHFlVGxuZ1d0Ml9LaVlpczBTVHF5VVFXX01URFRrQV9QZDJmT2VWQWpGZnBnZ2JOVGhTR2REamp3TTF6ODZNZmZqdElpczRzeDZWUER1SWYxTWpRaE0wZmNYWWRRMEUyaFlYQVRzQk9LZVppcmtRQ0ZVZ0ZMRFlZckNzcmQxNHg5dWRQa0ppaDlqSm5DY0RHdDhqV0F1RHY2N05yblBLVjFjRVhubDNVM1FNZUlQaURJeUM2N1ktZXFvS3BXY1p5eVNLelJuMUFrLXFvMXk2UDZRZnQ2RUhYQmlYRUVaUSZldj00"},{"name":"ZIMPLY NATURAL Gicht komplex 30 ml","code":"1V05VYG6","images":[{"variants":{"300":{"formats":{"webp":{"resolutions":{"1x":{"url":"https://statics.docmorris.de/static/produkte/1V05VYG6/docmorris/ps1000/zimply-natural-gicht-komplex-30-ml-1V05VYG6-default-1714029277368760.jpeg"},"2x":{"url":"https://statics.docmorris.de/static/produkte/1V05VYG6/docmorris/ps1000/zimply-natural-gicht-komplex-30-ml-1V05VYG6-default-1714029277368760.jpeg"}}}},"width":300,"height":300}}}],"url":"/zimply-natural-gicht-komplex-30-ml/1V05VYG6","reviewCount":0,"rating":0,"dosageForm":"Spray","packagingSize":"30 ml","baseprice":"833,00 €/l","supplier":"","brand":"zimply natural","badges":[],"saleConditions":{"OR":[]},"prices":{"salesPrice":{"value":24.99,"formattedValue":"24,99 €"},"recommendedRetailPrice":{"value":24.99,"formattedValue":"24,99 €"},"metadata":{"displaySaving":true,"displayUVP":false,"displayPriceInfo":false,"displayDeductible":false,"displayBonus":false}},"available":true,"defaultSaleCondition":"OR","onLoadBeacon":"Ly9iLm5sMy5ldS5jcml0ZW8uY29tL3JtP3JtX2U9andoRlBGamk0MEJ3cFJwaHZETHhMSV9USmRoUm9NMnNXS2xpZkRmMkhzTG5tMnIwVWEybmM5d1pGV2ZCUXYxNXZWQ2ZsSHRPZ2ozV2luVjVUREhEb1hXTkltUWlIUDFDWVQ5eUNUQkwwZkFzbGlIMXhtekowNXBjTW9pVTBZR240MnA5S0Q0NHZoRk41NzNfX2VrUWVoelI3azkyb2IwUFR1NzRGTUVLWmNBRDJTTy1VOWJSTDVMQldJOTVWLXZDOEdNalF4RmJaU055dDREdjVPQkJvZmRRbW01enphSXdwRmRGSUd3blY3Rm9iV1RTeGdVQ3E4NldJZFpQZEYxWk1jbkRUcXhyZWNRekV1MGpMSnVUaC1HMlNtVWNUbE1DZ0VCTklyTS1TQmY5enNDSHY4YjRJQ3hFcldEREJWeE82aXJ4QUdEYUg1TVFnbmdyUEFlYmk5S1Y1bWRscHpiQ21iTXYyOVlYUUtnJmV2PTQ=","onViewBeacon":"Ly9iLm5sMy5ldS5jcml0ZW8uY29tL3JtP3JtX2U9V01PenozS0w0ZDNvZm9PeEpMeW1YUW0xVUxkeFlzSDNsamU4dTZMS2xza0F6WmZWNzd1TzNaMkw2cTkyN3NSV25xVmEwOWktLXhuRDhranVwa1RXRDBPOTMxbUx0NjF5ckVXX1VzMUsxNnR0bjV0THpuRnEwakR6aHRoVk5LUktINEx0cldobmFnN09ZVVUyVlhRZF84ZW9TODdTZ3ZwMnVHVkZKZ2NKdWhJU3hETy1acFVwZFJ3bnE4OWFjdjh1N3JTc2ViMjJ5Ty1qNFp0eG96NC0tYUVTTFBJUnRmTU95MGk0aENLNWxSXzVUVFBKTU0xQk1Bd25scG5haVZQb2ZHSGcydUZheEJnblZmRnJZdldHTEg0ekZRX0k5dUhBZElldDNNTm9ZUW1VZDZ5MTVNX1Q2endCckpqdzlySXg2V0JabEtQT25ONXZZLS1YcjRFSThQQWVFVmR1cnV3bFZtWWpaVUs2N0ZUNjlVT1VCNmNrc0FJeWdTYS1hdXVmJmV2PTQ=","onClickBeacon":"Ly9iLm5sMy5ldS5jcml0ZW8uY29tL3JtP3JtX2U9YmEyQm9oZUp2TmZ2dUhQQ0Z0S1lJUFJ0TlVzeUhFbGZoT0xtX0dTaTBzcUEtRk1GRERORFQ2ZUdpS3FOeTU5c2d1Z1VCMW1Nd2tiV2E5RlFsS0FoUERzQ1cwTTNzazlrOGNiQ0NmdFFTTjltQ1pZTjBOQ1dIY1dPYmUzcGc4d2ppV3d6emxpNmJkWmd1TnpUWFNyTzZTUVZGUEhKVUFrVjdOVUgycW1ncl9zVnhQZFZnckI4V3ZHanNKTmRqVWtsR1ZjWkwzaDhSN3hTZmhJa1NJRkw4NUFFMTZIYWk2X2lTdVBVanRVTEw3ZFdJejhGWnBrUXdlNHNRY1hRaHNfYU9nSW96a2hQUk5ibW13ZjZyT08zSzNLWEZkalR3SzBoTWgtRF92M2xycXpjbi1xMmRhLV9NTDNyNkxRS3V2VXJ2Y0Z1YVJYZFFrNGVwbndNdEdCRG1IUkhFT1NJRkl4dTNVNV9YVTh5cWlXdjFlQVA4Y3F4SmVRS216Y0stN3JSallYd2Y2cG56Y3ZZQ3EyeVNnMUdZZyZldj00","onBasketChangeBeacon":"Ly9iLm5sMy5ldS5jcml0ZW8uY29tL3JtP3JtX2U9Ul9Rb25IVzIwYzRjYWoxVUJ5QnA5RDRuaU4xalZpaHlCbWstTUM2MmtSdDl2ZEtxSzVvYWVFZUNfMDZIMzIwU3YyMURBdWVKY1dRaEtid0JqT0h1VEE5Z01QUXQ4cURlM0FMam00WHNzTHVmNTM4NlhvN1pDMnc3TTFMQl9zelBKSnRyTUV1dnlFaVpOcXpqZTg4Q1JWNmRsbURfZkFtWFdRQTh5Y1RVZ3lMbHRfd1hkVmt2a001ZVpvQTZyMklJSlJvR0E3bFd5ODF5N0JfNUI5OWFVeVJuT2FQanNtbzQzQnpTZk1KTUxwZWF2OGVMRmE4SWZFU3llb2YyNUx3dHo0eEstN29RREJ5eUpjTnk0WHR3dV82eWgzNE16MGp4NkxiSm50RnVuV25XakRuVDV5MTBRbzBjN1BCR3E1M0lsUkZaNkpObDYydUZUbXo5eU1qMjQwd1NmYmlEaEVIbFBqQmRjemhMUlNQRGh6aXBnOE4xMnQ3Q0NIbERVcGEyYzdzRC1jYVUxc3dvSldxbWVyZWpLX2t5R1hwN3BZT1BLaUpSZ3NocFNwTSZldj00","onWishlistBeacon":"Ly9iLm5sMy5ldS5jcml0ZW8uY29tL3JtP3JtX2U9MHdjUVpSVTdVQTM5MDFjeFk1RlF3UWhXcnBFa2E2U3FiSExNSDNzZ21vaUljWFE3bHlDUXVIaGJTTnJTaEl5WE9hWU5rTlM0Vi14Wkx4UUhIVmtfc0l2VWtWcGhudmNyekJqcng2WlNlY04wUlRFMkxTRTZhRzMycFRydHRrQjR0N1VoMlZVbEFrQ000SzVlaVZKZFB6dEVzQW8zRXkxQ0tuOEJUM25xVzJLb3BHdzBNeUsxbHdjeC1vUGx6VGs0N011Q0R1enhCYlduUWpFVVlhdEZtUUlXOXlCcEFZVGlFUkRrTHAtcDFBeWthN2dnMEVYNmdZOUx5M3kxVWdVcmxwQWVBSFprWF9XdVRldWJKaGxyWjdzWnpfQ1lxam1OVHY1ZE8yeERTSkRSa2RZeFZKUjJhRjV3M1VMd2owWkU0RW5PNUNlMENNOUpET25VMlMzSmtCNWdlMkRGOVE0em81eHJDRnJqZklLV1NyVHFlQm84Y3pEdnpKZ2x1VXpTMGljTm1JYjdqcUV3dzl6OHdQR1o3ejcwLU1KYnNyMER4Z0tTd3BGV0I2ZyZldj00"},{"name":"Glucosamin \u0026 Chondroitin - 1080 Kapseln - TRUE NATURE 3x360 St","code":"G6JTK1LG","images":[{"variants":{"300":{"formats":{"webp":{"resolutions":{"1x":{"url":"https://statics.docmorris.de/static/produkte/G6JTK1LG/docmorris/ps1000/glucosamin-chondroitin-1080-kapseln-true-nature-3--G6JTK1LG-default-1720618932035227.jpeg"},"2x":{"url":"https://statics.docmorris.de/static/produkte/G6JTK1LG/docmorris/ps1000/glucosamin-chondroitin-1080-kapseln-true-nature-3--G6JTK1LG-default-1720618932035227.jpeg"}}}},"width":300,"height":300}}}],"url":"/glucosamin-chondroitin-1080-kapseln-true-nature-3x360-st/G6JTK1LG","reviewCount":0,"rating":0,"dosageForm":"Kapseln","packagingSize":"1080 St","baseprice":"78,82 €/kg","supplier":"","brand":"true nature","badges":[],"saleConditions":{"OR":[]},"prices":{"salesPrice":{"value":78.27,"formattedValue":"78,27 €"},"recommendedRetailPrice":{"value":95.97,"formattedValue":"95,97 €"},"savingsPercentageFormatted":"18%","metadata":{"displaySaving":true,"displayUVP":false,"displayPriceInfo":false,"displayDeductible":false,"displayBonus":false}},"available":true,"defaultSaleCondition":"OR","onLoadBeacon":"Ly9iLm5sMy5ldS5jcml0ZW8uY29tL3JtP3JtX2U9ZU5ENTFjTExSckJSTkVhc0tIdnhQODZSSkRmSzBJQWdEWEc2U0NWTy10V0ZhUDRwaEl2TzVXTWlhdmNkWmRNSEN4eXBOU0d4eDhpS3hvME42WUJYYmhKZG5aOFlnX05jTFR5Z1pYOExTdlpZUUdQdmNrSV9tcnc3S2NnaUlxZE9lYXU5V2hlMVBhbktKZGt0S2hKSVlQeWo5UFhyRWJaWHgtVUU2LUs0ZjQ3UFZ0QnFTVkV6QWN6dHRKUHY3UG4xbzJNbjNNMkVXQm5yaW1FY1FEamVxM09iSWlYWldobmFndjFBWW1WNFNKaHRFZS1Mc0Vubjd4MWk1R3lsQ2VxajJFVXNLOFZQcklQN1lyUVVjMm9rdVU2V21CX1VaN2lYSEN1VGcwWkM1RXZxMU83aHFRSkFaRVZ1RTlQLXVaUmszVzdRMllKQUhDeVphTWNBUEEySm1oZkpqV0VyZnR3VXZDUTVkMEpxU0trJmV2PTQ=","onViewBeacon":"Ly9iLm5sMy5ldS5jcml0ZW8uY29tL3JtP3JtX2U9cm16bFhvaGFyY3NpSTJDV2RuY09OYnhsSFBnVGZMU29QMzZtQkxKakdBOHFxUEs2Ynk3YXBYekY4S2lPTFVBa2ZxOWlKajlOVU8waTdiVjd4ek9VRDVrcy1JY2pISVBJWUE0SXFsSnpaOWJNYlFLODgxMjdtMWpPMzFPQnk1VkN6bHU3Tmp5REVJNGR1TTl2My1rY0FVLWk2SE1nUnM5UFZ3VUVkVmtoNS1Zb1lMV2xIWHI5dF9KeklwNnRSd081a0VSQjkwSDR3WGNVbXlJMVZKNXAtRjVkWEx1d3h4UUVaNUV6SlBUZFA1bmI2a1BQaGlRVWNPdk0zSkxOMjdlT0g2UTd5OGtDQTRFZ3NlNmduTFlTODBUSllaRGNrUUV3ZkV3b1RxMzZqeTA5a0tFWG8wZ25rTG1tZkl1WG1ldjc5V3lob3ZTdWRGNW1mc0Z1VjZyM2RrblNIUHZYX2FocHNZT1hBOGF2RTVUdFBfOF92MC15czNyeGpyb29mYUZGanhYOERsR25JMnlzZFhWdTA0V3lTUSZldj00","onClickBeacon":"Ly9iLm5sMy5ldS5jcml0ZW8uY29tL3JtP3JtX2U9RXJkYVZZQThiRFRxQ2hsbFNVVVNBMV84RUlRN1lGT3dpaFFsTFdwSFI5LWs5RVg3bFJ5VW1LUkpCSkI2ejctVXZ2SUxsdHE3dnZQX21qYjNYblE1bVlWczJrRDBsT252S0ZMcmh0OXFvVE50QWFkOUVlY1FOX2d4M0pyN1RYMHA0ZGcwR0F3bUI5QjM1ZFBTV0s5bmVvbE9yZ1BpZmpOcFBnZm5EUUU0cDdVNmZYSEV0czdBajRmeHNZMENDRnF5Sl9zOHJrV1Ixal9rdlUzdzJfVVN1WnJ1SE42MnNBcXlCOWc0R0V5NGxnYXpscmxGVUI0dmwyZXVSd3g1X2hadFRKRlAxUU96aktFWGNiUVRMYU9kRzlSZ1lsamt2dVFhNkotU3RIVmpjNHpEejYwc3RBdzlBdm5EODBhOGptRXd6ZHRxOWlRM29LZXpJTjNNbUg1YXM5NDBaaEt2a1NKRnJMSWh4blZER0FtNl82dVFoYmdDLXY0N1lyV2VySmY3bjZ3VlFuTVhNSVhMQTRxbWJPekJwdyZldj00","onBasketChangeBeacon":"Ly9iLm5sMy5ldS5jcml0ZW8uY29tL3JtP3JtX2U9ejN1alhReTR1bmQ3WTROYjRfYlZVUDg0UzVvOWhEMkNKZlZOZVFlUm1yMHpKdDczWTE0MHhfOGpZOTlLa3dHMHNCeW1IWExINTlXOHJvRzFhT0hyNWtPYmY0YmRSMVFBai1pZU1VVjhKdFBfclQyWDBVazhKX0dXMV9MY3FwazBmVmEzbGt3SE42NWY0OGgwdmpUV2FwTThySl85bEcwQ2RjLVBWTFFHUHJRVHZRaGhqTWdiYXpIMTVfYTRJNmJrLVczd0tkZjZ6Y3NWeG9rdFo1OFpVZnBiRkZSVDR6WVgzcFVmdWoza3FmUkNSb2pwTU03TWVzMG9xZnl0c2VzaTVmVTZlU2R2MGkzaUJOeDVJMkxwY1NGMWRjcWZ3WkFqS25ialF5bFRJS1lNNU1TYlVyLUZQa2VwclpNQ1BMZDhRUE1RNk13enVpX0tqTkw1T24yRTdLb25MbWZtTWU1Z2RhRWlJOVEySVc0U3JrOEFQOWRNek82aGFWWE4yNk1jcXJLcXYxU0VwYTBGaUJsNVo1Vm9Hd3c1dEw1bVNKOWdLTnprNlRydHVZVSZldj00","onWishlistBeacon":"Ly9iLm5sMy5ldS5jcml0ZW8uY29tL3JtP3JtX2U9akQ3ODdOMk9PaTEtVG5OWHNGSURTX2VIUmR3bDh0cEQyeDJnU2ZNZ1VvRFY1M25COURLSU9aUDRkS1Z4eEl6RzR1eXAyOWRDbF9aM0ZYYUs5SFpNMS1fMVk1dUhnRml4ZDZqSDZINUFEOW1sQVlxQmNkM2NZdE9tRkoyVGg0dzI2WEt2RDJCdFg0bXI2YjlGbzNDbHVnQ0xnbDFHaVZ1cjJHdWdLY3JqQkZmejdLcV92Nnlsd3pOSzNUbDRKcE9aMWhDZFVyWWdPWmhqMVpPemo0WlZlMkZHa0xfekhUSDRIc0pmdlotYmJSdGlPQkFtSkszdU1fMENpRktjbnBBdHV5X3NnekJZUFlpWGxSZUM2amlCcTNYeUhNb2p6N29OS285Y0ItcXROckdlWUJFR2Jydi1lTkZNekxEb0haSFJMM3VRTnRPZTUybWZaTi0wTEJ2NGhSTTA2dnc3WHRaRThubFlWTTI4bngwUmZZcVRTZ0liZFZMV3UwMzZyc3Z2cmFwSGxEUW9OMXRBWF9VNUNianBwQSZldj00"},{"name":"Magnesium-Diasporal 300 mg 100 St","code":"10712486","images":[{"variants":{"300":{"formats":{"webp":{"resolutions":{"1x":{"url":"https://statics.docmorris.de/static/produkte/FX5YIKD8/docmorris/ps1000/magnesium-diasporal-300-mg-100-st-10712486-0-1714037811006978.jpeg"},"2x":{"url":"https://statics.docmorris.de/static/produkte/FX5YIKD8/docmorris/ps1000/magnesium-diasporal-300-mg-100-st-10712486-0-1714037811006978.jpeg"}}}},"width":300,"height":300}}}],"url":"/magnesiumdiasporal-300-mg-100-st/10712486","reviewCount":85,"rating":4.7,"dosageForm":"Granulat","packagingSize":"100 St","baseprice":"0,28 €/St","supplier":"Protina Pharmazeutische GmbH","brand":"diasporal","badges":[],"saleConditions":{"OR":[]},"prices":{"salesPrice":{"value":28.49,"formattedValue":"28,49 €"},"recommendedRetailPrice":{"value":36.97,"formattedValue":"36,97 €"},"savingsPercentageFormatted":"23%","metadata":{"displaySaving":true,"displayUVP":false,"displayPriceInfo":false,"displayDeductible":false,"displayBonus":false}},"available":true,"defaultSaleCondition":"OR","onLoadBeacon":"Ly9iLm5sMy5ldS5jcml0ZW8uY29tL3JtP3JtX2U9Q3NqMDY5Q3h3TlgxZ1JNUW5ONkM3c09yb3dDa0hNUGZnZ0lRUU9uN0UtdGY3anJQa3FrUTBVYnlja19GSjh1Z0UtMFBod3R1NXI2T1lOV01qLUt3VXFoQ19tRWtsdk93aHNiYlFXSnJzRkJTNmdTZldLSV8zd1dGQmZKYUhnWjBldE5ETmFweklMeDJuUnp6LWxsSUFsWFFZZ1g1cTUteWVlNG93STdYM21IODUwZTRpYzlmckN6M0VRRktVV0FwOWhlMkZ5M1RlbkE2MTdoalM3Z1lnekZtUlJGVklsTkdPTTRwNkU4d2RGODFkWkJZUkFKRzZadWNVY2oxRW9NUVNTZTlrV1JxTkttRURVcGdEVEVlY0NIUUtmbzRuU1pUZzF6ejBFaEhjOUozMmloYW5vYXhzVThkbTR4MXh1ZVYzR1gwekxYMXM4THRiYnQ1MEJKWWU5bjJfNWVUbGxwMTEzTmd3V3owRjhvJmV2PTQ=","onViewBeacon":"Ly9iLm5sMy5ldS5jcml0ZW8uY29tL3JtP3JtX2U9RUQ0ZktHMDZrMW5XT25XNjM0UlJYTGFwS0VRdmoydEppYTJkMUNHUDV6NzJ2ZkpNbGNFU3VpelNqNzFDNEpSd2R2YlVPVTVqTXZJLUxYY1JxTjB4X2hoaGNZMDNaWWlEZTZDcndDT0dDM0cyVENOaFVPcmxHWElPQ1U4N3NITk5fZ21uUWpxRENNY2ViUjF2VVFEU0lDWTRwWnluMGl0UmZ1RlhVV1hETWd4TEFTQzktTnJXenBSWk1fcHBOdmJoeFdyc1RIbmY0N2hhdG1JR2c4bzJDaWJvUE1oVVFvWDVnYWZvQnpDNFMxUVMyXzBtVEl1T1poSlN5Y2lmQXdiczI1SGZ5Wi1vNFVySDVLOVNDWFI5d18wVzlXQk9weUZ0ck1jRFhraEN6VVNwMENlNUc0Z0x0UVdfSHdabU5ZUmhRVVlQWGt4RS1ESG54YkVPM3hoRGd6LVZVUjBfWE9nalRUS2I4XzBkOEoxalNVanVzTEhHU3hUbnZpNHZqeHpnZ0dfV1NRQkFIU0lMYlowY2xhVWJRZyZldj00","onClickBeacon":"Ly9iLm5sMy5ldS5jcml0ZW8uY29tL3JtP3JtX2U9V1VFS2hMZ2NwYm14Q3ZTc1JVNU9EV2tuaE5teDhuUkRaVFA2Uzd5VXkwWXFzbzFtMTNxM1lOS0pzQVFwRXFnM0QtU2pkZnJOSEszNkg4TEpqcXdvbHdTdERxY2ZoUTVReW1UT3VtWEZDcDlETi1DX2RYLXZGVkFiOEgtUVhPOXBacnI0WjBCSjh6TDJad3VvejFXRmFLQWFTUVRNdXlVTm1COTZ3UFhONTZTMExyOEJETzlfdVlzX05mMEcxTmpSVWV4b2pWSklseE81dEZZQlBZdFdUVlBrMGZRNHpvTGJ1U1F4VURwMW95akxGQ3FjNlFJMURLZjdWYkdVUm1pajhmVFdhYVotd1pBRWFNS05FTjFNckg4eldJaUpOOFlUOGVmZmtVbENYRzFxdktGanl0WXFSUk1nZkhpLWVmNVJna3psZ3QtSTZiWF8xSjZqOW1zY1VSdUxVQ19id0Y4MmMtN2tLblQxYl84SG1jOXRGcHNrdktlQUx1WlBKWGp2RmpDYm9VeVFkQ3BiV2wtUURfSDliZyZldj00","onBasketChangeBeacon":"Ly9iLm5sMy5ldS5jcml0ZW8uY29tL3JtP3JtX2U9ZWhXOWczaGM0UU5iSXhyaUpfcGRzRklSOFpHRXc0dUxNUEFSaHBkYWJiRmZ3dFJnUkJHdlNuUktIM0ZCOTUzYXF6SGJNVkFKcnAyRlhCWmhHYTlpcFJzdG9Ua1VlNlJqMlZQUW9VTEY2UmFrV3lCRG9fa3VaYmhmYzhaN2NieElGbWZxMC1NYzBHRGJ2Y0dpQ1JpcmhTUEY4WWdXTzlaczA3bURoLTRnbDlMbjU2aFFIYmU0U0FoWUpKVlQ5TTkwdmZ0NF8xdDhHanhHZ0lHajFJOHpBeHBVREpSUkE2MmoxSWVJZWRRY1BFQW9jaEFfNkhzWUY5WkpjT1gxMzIwMFVJNHEwcG05WTR1azBPV2xnV0FabGhNeGlLVkxYOWNFaWhnVzJSOXhYdGIyM0toY0tqaWF3ZDNtMUxVR0xCRm9xSGNhME83b0JCOE9BVE1lS3hwVWl3X3ZaNC12Q3Q1bEZuVDRfNDFoSFhNdFp0TjZMZEhYd0dQclU0TDdvR2tXRS1PRzJKRDFBVVFIa1l2UHFldFVYQSZldj00","onWishlistBeacon":"Ly9iLm5sMy5ldS5jcml0ZW8uY29tL3JtP3JtX2U9NjRnSTBsUGc2MVk2QUFja0hzTTMzZ0V5blJxcWRJRHFfYkNmY2ZONGE1dmJ6M0RjVlhLT1cyQzA3RjNNUndXUXFWaDliMEpEb1BmanZmcE9oWUoxY2M3TVdLQW90c3d5VHhYOElVQ3RPUVNBNUFnVzlXQWF2SklhaFpxNlhuOGpHM0JHVDYyWVh4Tjk2VmhHTmFGZmZiTXdoSDN1U1JocEtRb1JlcVNTMlkzSWdsZUFpRGlFaHZTdWcyQUR3cVYtSF9tc0hSWGNUNVJQMDBtakR3anoyX2dNTUo1clR3Z0tjeVFPbUhCWGJXZFZhZWR6QUctY2YtU3FfR2RZSnNnZG5HQnFrV28xMEc1WHZfc3NGZ3ZHOVRlVXFqaDh4YXZtUnZESXJRRjBITTlwNlJ1dkxFaXlOdmhkT1A2YW9MYW9FWHIzLWdsNkpOaEZLVFo0bXRaTkZRVGh4YnhRLVBLVUN4c2F3THNMNzZyQmxZWE9WeVVWM2tvM25wSDJFeHpLQmpfcmROOWxfNDhvNDRoRUpVdmI1dyZldj00"},{"name":"Glucosamin \u0026 Chondroitin - 1440 Kapseln - TRUE NATURE 4x360 St","code":"YXKTNJ5Y","images":[{"variants":{"300":{"formats":{"webp":{"resolutions":{"1x":{"url":"https://statics.docmorris.de/static/produkte/YXKTNJ5Y/docmorris/ps1000/glucosamin-chondroitin-1440-kapseln-true-nature-4--YXKTNJ5Y-default-1720618932187868.jpeg"},"2x":{"url":"https://statics.docmorris.de/static/produkte/YXKTNJ5Y/docmorris/ps1000/glucosamin-chondroitin-1440-kapseln-true-nature-4--YXKTNJ5Y-default-1720618932187868.jpeg"}}}},"width":300,"height":300}}}],"url":"/glucosamin-chondroitin-1440-kapseln-true-nature-4x360-st/YXKTNJ5Y","reviewCount":0,"rating":0,"dosageForm":"Kapseln","packagingSize":"1440 St","baseprice":"74,45 €/kg","supplier":"","brand":"true nature","badges":[],"saleConditions":{"OR":[]},"prices":{"salesPrice":{"value":98.57,"formattedValue":"98,57 €"},"recommendedRetailPrice":{"value":127.96,"formattedValue":"127,96 €"},"savingsPercentageFormatted":"23%","metadata":{"displaySaving":true,"displayUVP":false,"displayPriceInfo":false,"displayDeductible":false,"displayBonus":false}},"available":true,"defaultSaleCondition":"OR","onLoadBeacon":"Ly9iLm5sMy5ldS5jcml0ZW8uY29tL3JtP3JtX2U9aXN5UU5qbVFka2RWbjE5eU8xcjNjeU9RU0Q3QVNFUE44YWVnRGQ3LXpfSnpiTmxrNzd2bkJ1YWxHNEpjaVlBSEtCY0ZfckNKLWFnak9QOURsZFNyRnVkbkE3M1RJUUlUdXFfNHBISWVZTlVPaHF5LTEydzZWS2ROUEVXWGttWkZxSnVPbzYtV0pTVHhEb2l1d1o5ZEQ5NlNrYXc3SHRpV2xYZ3lodFdPR29URVBqTEtfc2hRQmJZMHloR3VobGtTTHhxOERvVnllMWdqdUVkektjd2gyRjRma3BZTGlUQUlzcjNLV3YxVWRwejNFX1FxR1dzR2ZzZUNXWE04QXlKaTZ5NjlCUGtHQlhFdU9VdklCcU5Mb0NzeTZaaEFvX1JMODkwTFhzc3NBQVRnQzk2Q09YM21FN2lNR3hyTG5Hang1ZXRyYVlOMXhyTFk4ak5Udk9uNHdwRVJIU3lxMWZEWXpVbDN6LW9peTdBJmV2PTQ=","onViewBeacon":"Ly9iLm5sMy5ldS5jcml0ZW8uY29tL3JtP3JtX2U9cVZiVFc3VFBPazVqR3B2OXhVQ0I3cVljYU1hQnlaN2FTZHY0bVY1UFpHMEM5cWNvdjRMM1RkRlFiaGc4T09hYXlycnVGM3Q2NnZxNHhVSGFoZUczTnpKSVROaVU2Rm5DN2MyWExFTG1NbVBEdHhSZ3dXS2JrN21tbC1lUVVhWDh4ZVc0THJ3U216aE42Z21iMGNaWmhVWHE5UWc2dFZXMDJaczVpcWtHc2VXQkhtcy1RdV82cWlaNUROWFNqb1U0ZlBRY3hQbXNGb1o4dk9XWmFpZ041UHRHazJhMEZuWFgzTE9iWVFwZTdfSU1vREFQSXBhM2cyeUpZUDlBc1Jrc0d4YXZrbFY4eVNmc2pUVFRhX0ZHc2N5aFpSd0RzVlJoR3MtRHRHQkF1LW9vcDhtRGdwa0hGRl9Hdkt1Q0FNSVBOUXlvdW8wR2pIMFF0N050eGpFVWVXcmdHUXNBU1IyZl9Yb0J0R296aWZ5OVdCNzJoR2Q3SW1HMWdEQU1VaG1kJmV2PTQ=","onClickBeacon":"Ly9iLm5sMy5ldS5jcml0ZW8uY29tL3JtP3JtX2U9U2NBTk44cTJsQ2tCNGJFNXNYQ2JtcXFwbG9vczJfcXlQWUhRcGNsaTlodUZfbHVENXhvTEZvWE5CcHZIV241c3pKWWZrZVcyQ1JaU0lUODBWcnRhc3BpNFNNQ1RvMnZ3STByWTF4WDRKZXVDSDRjeEVXeUd5RFAyUWFwQXBvNkRKanhtOTN1VWRyYjRDR3IwaThIUkFUbDY5U014SHViR0RINE9pVUZGXzlBRzlPSVEzX0MtOEMtZ1NCZFduSzFfeGJYWTFldUsxcW9NMlYyenVacjIwT09mZUdibkhqYVN4enNIVGVBSTJLenU5OFBOYkhBUEhDUzcybndsMVVoZjRqUlNWMUEwNXhmSS0wRFl5R1c3aU1IQUJHd2pucUtBRWYydWxnSXctZW9RWTlzY1o2SE9RR28wa2I3b3J6TXltZGdqWE1JLU5nT2ZLMjhzTFpMcDBYR1lrMTBDLVdJWndMNXJYNkZZVGctNkpaUWNLMGNpb3Q3ZUVWeFZPQkZ5Q0NlMUpscFh1d0pXMUh4REZMQWwzdyZldj00","onBasketChangeBeacon":"Ly9iLm5sMy5ldS5jcml0ZW8uY29tL3JtP3JtX2U9c0Rnc2hKLWVxc0xDQ3hBR0ZsZFExcUpxaHpmWXRVdU1XLWZxS0JoSnZmWE5nUEZfMy1VNEkyS2Vxb25zOTlfTjhwWXZ1TGlHTm9pVVNWaUUzaG9fOVQzc2xHODlJaHB4a3c2N29QeWRVbVkxbzRmZEVET2d1cmhDSDNMOE5CQTVxMF9Ldmxldk55eGFLemZxaG9CS3JveG1wRjNSSWxXTDVuMU9TMUJCV21UdTktbVN3T2ROSGpwU3JQYnY0bURVYjE2elk0RjNnYU5QR3lKV0I2UFBZblN2UzllcjNpTmFscnJkY1NoNVV3LS1xT1hzVExiYTY1LWF1UUlIeVVvdEJzUmVHSmlIQ0R2R1JwVFpDemxFOEhMWno1eDMtdjBjQm5fdmdXQkVJNURKelROeHd3dkdxQXpPN29rTXpHU3B0NFV4VTVhV19qcXBtOXFXQS1ybFhRTWdkaVhVLW1uUTRSaDhVSDRxQ1lGcmhZZjZoNThBc21zWDdEeV9nVkFUbVEtRE5QcjY4enJLbmctcUpFcUxRNHBsSnc2WTdSRUhkNVpNX2NVdGFjbyZldj00","onWishlistBeacon":"Ly9iLm5sMy5ldS5jcml0ZW8uY29tL3JtP3JtX2U9YWYtQnRGdkJxN2g4T0VLbWVNUWVPdlRrUHFyWTBMZlBEd0RzamcxWlRpMzhjWjdwYTNkTnVxMm4yZTZMTTlkYTVEbVVqcUpBLUM5SEJNdUJNQ0xlTG9rWDhTNW1felIyWFJJWFZUQU90YUZwdG00OUJMZVJ2QUhBSTEwd1U5MnVKTjRMOGVxbHFjMWtLMFl3ZUNKWWMzVnc3Ym50ZmRMZGJPU1F6QlNiU2dIbllLUzZVV3dJNzBmZDlmbnd6a2paaXFlMTNDbVVvOEpKa3k0YnhGMVNhUWRBRm1IbUtwQU9Ga0tjblFMYzhqSnI5MEVUMm00YkVUaW5CTjhZY0VzWFdsa0lvUFlodWVndjFZSTVvSDc2R2JUOEhSWFg0V2QtTURFNm44b21rLTZWWmxIZ1JTMnY0WEtzRzM4cTlNdUthMlJ2MzBHWXJOT3VEM184QnVXRWRRWlkzODNnTEpPaFRpRnB3NDJsRjFXaFRlZ2JMLWptQVluLURmclhzdTJhajhFd1Z4Z2FEYmp3TjBDQ0ZRM245USZldj00"},{"name":"Magnetrans extra 243mg Magnesium Hartkapsel 20 St","code":"04192999","images":[{"variants":{"300":{"formats":{"webp":{"resolutions":{"1x":{"url":"https://statics.docmorris.de/static/produkte/FX53W8RY/docmorris/ps1000/magnetrans-extra-243mg-magnesium-hartkapsel-20-st-04192999-0-1714025855909167.jpeg"},"2x":{"url":"https://statics.docmorris.de/static/produkte/FX53W8RY/docmorris/ps1000/magnetrans-extra-243mg-magnesium-hartkapsel-20-st-04192999-0-1714025855909167.jpeg"}}}},"width":300,"height":300}}}],"url":"/magnetrans-extra-243mg-magnesium-hartkapsel-20-st/04192999","reviewCount":22,"rating":4.8,"dosageForm":"Hartkapseln","packagingSize":"20 St","baseprice":"0,45 €/St","supplier":"STADA Consumer Health Deutschland GmbH","brand":"magnetrans","badges":[],"saleConditions":{"OR":[]},"prices":{"salesPrice":{"value":8.99,"formattedValue":"8,99 €"},"recommendedRetailPrice":{"value":10.14,"formattedValue":"10,14 €"},"savingsPercentageFormatted":"11%","metadata":{"displaySaving":true,"displayUVP":false,"displayPriceInfo":false,"displayDeductible":false,"displayBonus":false}},"available":true,"defaultSaleCondition":"OR","onLoadBeacon":"Ly9iLm5sMy5ldS5jcml0ZW8uY29tL3JtP3JtX2U9QnhyRFR0T1diOWE1Xzd0RGxtakpKWGVadGF4NXl6VFRwUzd6TnVMakRDNDVXX1RWRUxZTnlJR09HRUZFU2w0SzZuVE9ua0FNQVNBVUpkVEdGOEJJcFZyVW5fVERuTVV5anNUcmxCYUVUWklWNW5mSVMtTzJDYldsUzVPdGpkNm9YalVOX1JfNmtadnJwTDM0T1FZb2tCOUtza2JZNEw1Q2pEQjNJQ2RNMXA0OE1penpEclJjZlRTWlQ2SXBZXzNMaG0xdWlSaFFHOVNGY0gwaVU5SnVqZ3RWYjJuRlJlN2drRFFFeTVmYnZIZFhnSnNSZjg0UVQ3bEU0UUxlYXY3ZWFSMERmMDltcHFsUmNZV1hrTFZ3QnJZR3RsWlFWMnJHUDlvSzB5a0J5cEZDZXQyd0pzWEhLcER1VjFUR3phWjBQV1RyV0VZYzl6OHA5UkxPRFZ5VUZmS0lEcVpYTXhwZ1NDZlRMT0FtVTJjJmV2PTQ=","onViewBeacon":"Ly9iLm5sMy5ldS5jcml0ZW8uY29tL3JtP3JtX2U9VnRFVENLUzBRdVBIbTh4RjJBOEFWcTVZNGpRQ3ZsZEN2TW5lcW8tcHhQQzJaX3BDb3hmREdhUlk5ZWNvMTNMMERaVnhtU2E1cVo2VUstcmNqSjNkZ01WVGlQdGkxVHYwUnZKeUNmRWZRS0VHREhLMlYzUWVsQmJ1anRLaGV1WDBZOHhsTmlqeFc3MkhwZFpNNHF2cnUxYXpwNHNZcFpld21GX2dyZV9hajAtS3RfUjlGS0xHSWpCVnotQy15clNzbHh3VTc5Znh4X2p0bGQtMGFIc3p4aXdlZjJxNmttbzI4RUlqbWtwdVR1Ym81cXYzdnhTOWI4TXVBX3dRLVVzVlhVc2N4LVRuQmY3R0JKRlROTXVkNkwzeHc4akZNaGRDSGVkc1ZQM1pfSTRTVWcxaUxHTXZFd201UmNrU0piaGdBNS1rTkYzYmo5QVFSbE5SNmJLbHMtWFNzaTFKTk1ObHR6SndSRzNLcDVUQWkyd1QzU1N0VGtHcDkyRjVZYk43JmV2PTQ=","onClickBeacon":"Ly9iLm5sMy5ldS5jcml0ZW8uY29tL3JtP3JtX2U9RTZ6SkNDVUt0eXFISFc1VGRzUjROUWRLeC1nOWlBZzNkdGxOTGhlRjBOVVpQckU0NzNUYjRUbXJmNGhncnlJb29LSkhvVkE1dWM3OGx3eWRrSy1wWW82dDhhc0l4Z01uNzNFVE9vX1FxYUtjaGw5NVhYN3VFUTY3UmRtd2tvZWJNdVlTd0pKOHdNNTM4OHVSejZEN1VDTTNPdWk1OUZEdjBfODgxYUNGT01yWmZOckJ4ZHdKX3lTUE1IU0g3MDdTSC04Q0lyRUN1d09Sbnl5M3Y1dnNFRDhGN3F0ZnlNQy1HUWpTc2d2UE42RmFQSDJ6UU1WallkNkh4MjJoUEcydXRaejVEWUNHUUhaUmt1aWFHUEZHMXkwZFB4cS1YemdlaDk5VlJkZWhVb2tZQ3lwamt2UjhGcmtjOTRucTMzcXdfWG4tR0t4cFlPbnhsVzRNTDFmb3ljUkRvbWVsTEMzdjJXS3J5UmUxMkhFQW5FbElYX0dwdG01NXdvQ2RtQXN3d040QllHYjdoQnliTkdfZllCdHF5dyZldj00","onBasketChangeBeacon":"Ly9iLm5sMy5ldS5jcml0ZW8uY29tL3JtP3JtX2U9bmlPMHp4ek9Pc0EzZURDYmtVVl9QcEMxUGluQjJ3VjBJR3h6cVg5YTYzTXZ2dW1ka2FuTjYyWnVtdWVwZFhFUHdLMUh2S0VEQmZETnNUSWdQT21IdHYxYVVKQlI0dVRqMVFIWE1YbGdNUXdxaFBoZ2tEMjNTVjV3ck5LM3NfMjJFeXhEUHZHZkJFWVo5czFscmZsWWNudG5NaUtQSGIwU3ZGV1hMRUxCX1FBa3lTTXlZSHJpaGNxN20tXzFQV3hpV2JaMUYxcGYtRjJtWkwxWlJlSklHd09VY1dGLXBCNTdIX2JxWEtON1l2cm1kSUxkcTNuUm9vamd6MWhTZnh3MWM5aEM0OVFJTVU3akJ4eVhzR2pEZE9yaFVJSEpSd2p0Y2lKaDAxd0laUk9ObXhqSU1jbEZuRV9WR1IzaHBZbGczLWRSOVNyUDM1cUlRT3pGZHFCcVhRQUlVblo0eFcxOTBON2IxN3VvaF9lVXBHSjhRNWZKdHFIMG5FZ3RVbHpWRmtObmhuMlRSaDM4RGJobTZaNDRDZyZldj00","onWishlistBeacon":"Ly9iLm5sMy5ldS5jcml0ZW8uY29tL3JtP3JtX2U9eDRGUnhwV3AzNlAtN3o0cVdVN3VoeFhOSGRrbjd4OXZ3UGRQRTJ4eGZ1aWVhbkNKTzlBa1hVN0ZaVnVacjJGNHA2Q29Rb2xoNThFem5QMG13Umw2S1czMmcwel9fOUVrV0ZjRDFOdTJMS3NoOTMyVDVQaUJkMDZxMnNpQ3BreTltV2hmS1F2ZTB5U2h3bkhMelhMZVJ1NEtaMGRaelRfa2F1UFFMSk1MT0djdW5qeElIMEFLeFhBSVF5YWFmZjRIeFpIT0VQaDBZZmx1eUc5M3BQcERDYWtpZlZiU2FGbkYtM0tNZkFSSWtWYzNhS1F5TDc3QnFDZENveUZtRndiMXlOMENTS3VJVUxqN19UMWtYVFJRWkNZTXB5M2o1REgydnVrZ2k5Q0NXRUlqRmxXVnhsRTJ3X1lhV292d2JSMHJlaW1WUWF0UzNzTE5KWWtDZkNLcGhHbGdMZVdRYy1JT2tsUVVFMUktQnVQdzNJSUIyb1p5TFBfNFZPMEx1SHQ2cXB4UXF0NkJjYy1ZcnY5Q1E3SnFYQSZldj00"},{"name":"MAGNETRANS FORTE 150mg Magnesium Hartkapsel 50 St","code":"03127847","images":[{"variants":{"300":{"formats":{"webp":{"resolutions":{"1x":{"url":"https://statics.docmorris.de/static/produkte/FX5JZW1Y/docmorris/ps1000/magnetrans-forte-150mg-magnesium-hartkapsel-50-st-03127847-0-1714023804658217.jpeg"},"2x":{"url":"https://statics.docmorris.de/static/produkte/FX5JZW1Y/docmorris/ps1000/magnetrans-forte-150mg-magnesium-hartkapsel-50-st-03127847-0-1714023804658217.jpeg"}}}},"width":300,"height":300}}}],"url":"/magnetrans-forte-150mg-magnesium-hartkapsel-50-st/03127847","reviewCount":56,"rating":4.5,"dosageForm":"Hartkapseln","packagingSize":"50 St","baseprice":"0,19 €/St","supplier":"STADA Consumer Health Deutschland GmbH","brand":"magnetrans","badges":[],"saleConditions":{"OR":[]},"prices":{"salesPrice":{"value":9.29,"formattedValue":"9,29 €"},"recommendedRetailPrice":{"value":13.75,"formattedValue":"13,75 €"},"savingsPercentageFormatted":"32%","metadata":{"displaySaving":true,"displayUVP":false,"displayPriceInfo":false,"displayDeductible":false,"displayBonus":false}},"available":true,"defaultSaleCondition":"OR","onLoadBeacon":"Ly9iLm5sMy5ldS5jcml0ZW8uY29tL3JtP3JtX2U9QmNqd1VGRU8tVTViQng1bjJHZUNraWh4aWszM29hSDRlMkR6THNSd3g4eVpyOTJpdTFmRy1HTlpUWnE0cl8wZUh2bXFWalZaVDg4SE5NcVdzUHZBdS1OWm1RNno1MUFiRkwyUVRmeXFQc0drQ0xwcm42SXBDRmVXZk9iaGs4cS1xQXdDVzdLamc1aHprNWZxZGJDXy13S1d1YUZTVE5xaFN6SVpKVUhOOEsxbldObHpCMVR3VTFNWnp6RWJaVlF1UlQ2QTY5c0QwaUdXa3Vza1BxMkw2SmIwZE5sWXVLVThESUpGREVoNzhSZlBfU2o1QmxTWUNvTExQdEFBbkdFY3pnSFN3QUQ2b1JYRVJJc25vU0ltWm8xR0xzQU9KaWNKR1J0SUwyUE5ta0VqX0llSzVvd1M1ZHZuNXZYOWJBaUNlQmRHV01XZ3JZODh4ak8yRGJ2ODNFb05oTmdfb1N2Mnh0UjcyWDg3TDZnJmV2PTQ=","onViewBeacon":"Ly9iLm5sMy5ldS5jcml0ZW8uY29tL3JtP3JtX2U9dTF4TkhaMHYxX2s4Y2w3SXhoeEVBMkVNZ3h3X0ZjOGVkTHV5SFdCNFFqU0JCMmpKOWl6ay1UWTA2cTBVUW82ZXdHYUtmWTc0NklETEFIUkRHeVNxODFUREh0NXhqVGtXWGQtNEdQZTBMR2pZQVJQUlo2WnNldDFuMkc1NFdCanFkdVgtVE1WOE5jRWZSLWJSTm9OVkZWbVJBNUpkNU41aEdCNzh4T01sUlNBaXV0bXNLc1VJRko4d2ZlT1E5bFFwTHpNbE56SXR2TzJkMlR1TTI4SGhyRldNUHFtcG5QZkdwSG1rQUxfT3EtcFJFelZSTnViZnZuelA1eVNueGxWU2hjOG16YXFOZ2FCZXBwZVduRm9zZnMxWjdXQXFHckFKeG0wV1VFa01BamFWSk5OWU81MFZ5dUtYWnRJb013c0E1ZjVrRGVha1lUMVpIazByM3Rjb3A1Qk1jQkI2dnNpNW9ROTRfWTkxbHFSN1pLNFNmWjVQb0VISUQ4MUlQMEpMJmV2PTQ=","onClickBeacon":"Ly9iLm5sMy5ldS5jcml0ZW8uY29tL3JtP3JtX2U9QW56M20wclhyRTBOOTRITE5tVElxXzc2YkpFZjRtaE80UlZKNU45emZmN0hJZDNBSnJ1LTIxbHR0cF9JU1ZueFlySHdpeEljUjNqZ0lvaWQ2S2R3UThnVjFteWQxZ1YtdThOWTl3Z29TcXphSFRvWVEtZnJ3dmR4VTVDcFBvQjhYcHFnVS12d2pTUlBaT2xNRVZfc2dwVTU0dU1jR0lpNE1ITnUwdTVUWFJHa3NHZ283ZmQ1VVh0My1aVWQ1eU90UTc3UVllWVA4OFVWTEtzRkJHX2pTTjFJVmJySmNFUkx1Q05uc3h3Ynp1RVBvSkVWWVpBcWFHTDB4U0lSTGI3OE5nb1hjWG9IOGpNTEx3eDJsQkJEWWUwdkkxTTlCam00cFpUWWdsN1JVVE1uVDdUN3M2emk4dUE4UVU1UXYwWXBBZ0dHX3JXWHU3dVd5a01QVE8wcDNXbHhXNUZ5ZWpqYUN1ZUtBSHZ1LU85OVJHUllNbTMwS3k2YU1MVUp0YXFJTGJUOGx3WGpOS3A1UTRPZFVNOHFiZyZldj00","onBasketChangeBeacon":"Ly9iLm5sMy5ldS5jcml0ZW8uY29tL3JtP3JtX2U9d0YxbVlBam93cFpxd2NMNi05dm9uMFJyYUJESFpjZFZNbG9OdnZ0QWNaTXFhNWVpd0RsRUhGdV81Sy1wakpzcDh6THVEaURzR3JZTUt5bmN1Q0RsV2xpV2Y0VEJxNkdTamVxeGdHd29GdUozeUZCY2pxTVFpMWRDZHIzTEVxdHhDVUtoemNmd0toeUVUUjFuWVdLbWRsY29qSTdDLTBvZ1QydzRNZXc0eHNQdUg4TkFFOThUVC1adWp1YWllcG1FMnEyQ1FvN2haeFF3R2VlUVF4X0J3S2ZDeFNmX1l4R3NqWjQtZy1hRlBHRnlsU1Q0V2ZmemFRN1VDT3pjMUlrWjNpUmhqZ1hwdTNYc2Q2ZU9Cd0o4WEhRc3R2UE1MOFpZb0M3YzlkdmdvTjFDdWlHVm53NGh6dEpQMURCN25PT1psQzBsazQxSnN6Qm15dWVrMElnR3p4Mjd6OXVjM3dQM2poRUFpYm5sZVRtU3JXbk5yaFlaXzJCMTJsRnBUSXNmY0dMMjBKM0IxVndDTHRRSTBWcjVzdyZldj00","onWishlistBeacon":"Ly9iLm5sMy5ldS5jcml0ZW8uY29tL3JtP3JtX2U9ZEpLcE5UalVwdTBvWW1Qc1Q3eGptdW82UUtQVmlQa0F3SWV6N3I3UTdBNjhuS2ZpOElEbTBuMVV3WUxFTVo3NWMwXzllanY4NFM1YkRoVzN0eVEzczRoOVNCdm9oUlRMWnJKazU4djRoRlh2NzlWOUFwQWliREM4amtBVkJRTjhPMTB2dzNwbklwMGI2TXJiOHFMcTFLNW9KY2g5M1JjbzZYY09TZW1FakZEN1M3Y3RRU1hxcHFzTWxlT0dHUDdnOGl1YmJ6TUVRQVJEZ1JRZXFLbXFibXQ3VVB4eDdwQzNoNVFZcmN6akVsY2hqa3ZFVldEZl9WWnhRNWZhQTlEV0hzQ3llTmJHdFVfSGZjNnYyWEphTnBXNnJyMG5qQ0g5SC16QVRTbTdhUXJPUWp1YUlCcDFnOE1hRk0xQTE5OFUwQ2lzcGNJM2tUZ2NrZzhHeVpBd29XTVlIWWEwUEJrMm5DQ2FxSk1Cd3JUNE5EVFZlcEJiaW9kN3dwLVpXX3BHREw0cTFvaGN5cUxlWnFKbm9GX2FpQSZldj00"}],"onLoadBeacon":"Ly9iLm5sMy5ldS5jcml0ZW8uY29tL3JtP2ZpZD0xMTAxJmhsX3FzX2NtcD1fOGNUX25jb2pBNnp3SmhuVGJiUFZXMUkwSG5hLWpvMDRNNFAxSGEyZzNsdDJaZU1PTW41T04zQ1JmcjdrZmdfNmltaGE0cURqNDIyWWgzUWFMdnQ1RUczLTAzOWZJVlk4UFpEN1ZuV1p5eWFXT25URWZFTUJETUJ6VVFpMTZ5WTgxSmxUejlKLUJYaWVlSjJlNDg1ZG1Pd09pb0dINVZDNHUxNVA3cmRYOG1HNFV4WlJ2QW5XSmlQSUJuT0JoQjQ1VGN0Wk8wTTlUWTFaNjE4U052M3F2ZGxRRG0tc0RYbVFuNXQweGRRSjNtQWlJYVEyWERZVnlaNWNaQTB6NmtadlJocHprQkpaaWN5QmpHZlBxWEhWVXBYNnQ4Sm5TRFJTMDJqMTVMX0tEZ1ZsSjExb2lUeU9ZZ0xWaGZXUGdzSTlpNHdCcDNlc1dtMXJyWkZlNGpfT0cwSDFzWGFtdjA5ZWNHYVRQV0dBVXJ0cnRHeDFlODk5bUdyUThxUU5aXzV0WkhxVy1VamtKVE93aEFBNXlNb1FXeW5OUGlXZTgyOWZTV2E4TjlRc0RLUHVFbENOdU1RTXhpUU9CZDRRckNnM25aZGlfd3ZXX0hxcjNiSTNrUzRJMUdrd0ZueWR1cjFmWFdOZ0I5eG1BOGFQamlBd3NTS3FqbXo3SWY3cWQwNzdQbTgxakZXZi1EM25Oc096VTdXNHExYnA4bm5EYUZGTThqR1JiUFQ3dWdHcHBHdmNoclBOU0N5VUY0amM4RkQmZXY9NCZjcml0ZW9wYXJ0bmVyaWQ9ODQ5NyZhY3Rpb249cGFnZSZvcmlnYz1BJnBpZD0yZDM0NDliMi0wMjgwLTQyZWQtOTg0YS1iNGRmODkwZTdhMzQmcm49MTM5ODA1NjQ1OSZybV9lPUFFZXByRWhVRkd4b2ZzVG5EdjBOZWdVRllSVnRWWThGT3NKVXI1ZnhqMndreFVsV2N1eDZEQTk1S3dXSHFrNXhCVHBKUHVicTVkTWd4RUtZRTJDUzNsNFRfMUJMVWZod2oxaGt0T05Xd0VuRmg3TEN5dXNqeWtYa1F4bTRINHRoZlJKa2tPb0dhV2ZVRFRyNEw5aGVueXFBUThlUzFkbW91ZnprbHIwY0tOVnpIdzRNMzJyMnJXZHBveGNndDlGa19XdlA1akYwNEppYjN1eV9yem1WLVJOQ0dIWFNuNVN0cVpIZEM2WGw4R2lBQjJsZmxVRFlZU1hRNk1Vcm9XTTE=","onViewBeacon":"Ly9iLm5sMy5ldS5jcml0ZW8uY29tL3JtP3JtX2U9VE9uWkItb1BYRWk5Wnk2RXRDYVNMUWRVb1BvQzBjZGoxY3FPNU1Qdkx4YVd4MEtBcGI5TThyOXBobVU0Mkd2cXcwZnFmN3M1WEJtUE82STM1R21QZnRNcTUycF9IN2lSYnhieVNDdm5nc1g5VlhlQWpham1DNUU0SnJTekxaR29QMHVfZDMtT0M5LVVhcjhNZmVMUksydlZkN1RXWGlwbnpNbjhjMExBQWFrM0pDNVNxX1hCU0tBcjdLOEpQSHRxYnhDdjRSMWtRaGJZNU5VTzBXYnFGZVNPZnAxb3l2dkxyTXVPYXBfSDNEWUEyOHVTOTFBT21yZFlTbE5EWkxyQ3FHN093TUZqeURFTTVNUUZqQTBFREMzVEgzVnBnNDljTFpESVZyUUhFRVdIRkx4TFRON1ZEbE1GcC1pQl9zN2xRaVBnZ21ldEtIOW4zVF9WRklkNUNnJmV2PTQ="}}},"saleCondition":"OR"},"__N_SSP":true},"page":"/[product-name]/[code]","query":{"product-name":"kytta-schmerzsalbe","code":"10832865"},"buildId":"Pa9Cw4rPZUVyQlPeQFsNf","runtimeConfig":{"sessionRefetchIntervalInSeconds":"300","gtmId":"GTM-KBGX7K8","gtmScriptParams":"","bazaarvoiceScriptUrl":"https://apps.bazaarvoice.com/deployments/docmorris/new_frontend/production/de_DE/bv.js","scanditApiKey":"AZHjKg+GKhyIO6iEgtAMPW8kT1okINbyqHZggvgOtveRK13fTlcARMV84l5yTslyIU7dmaJXBgQJWdWnPzqRIa0QUm5hc4YCPHFTH41paBWdeEWhNWdOtrJVFcGrW9Y7LXOwvtc/EpwLPKvt3SpNMkZBVwfRDT0uPV0tlWNjR4s5k9+DIdYVJm2oH+S6Rz4wH6scGjm2GDazdF9lIZIwd3JAZOVEqh4fwwhS3VcmnWaVZO8esPTr/6kYE6JU8OABQPnOHYkBuiyRIE38Iv0vYS5+mTy+B1AbUs5qX7HcaVz6EF9oQrZAi6c6rIAS8t1HyYpoPXuDUqkTbuyQAJkkQwJfJdbmvUCj5TY8FYcV6kbwMolDKuA0p9boG2nLJl/iSmcdH03JHY3i3uJQqnPMmo3dN7609GTIMuZ9yvrKtBjoPg44VhsD1X+AyUXvjxs3I6Igg8Nk3a4Kj3FUBDa9B/0/YHhSuOrNC163yc2cNIM8sO27JYZNvc/X8Ts/Gmlr4ac/v5D/4/91dRB/6QTUG4sLfG0CWsQDJ6tpjx8CYhfuy6+1OZc8A3z5Y5aGpfVV01JVKQiJklBK3OT52OOOHLFWSKrM7fXpHrCxMQsGXilduvRoasqFvvQ5tohbr8ID6ahBZcnQIab3LvsZb2IQV9xFlhgmozRp4yVzNU+hDSSKyVwiK/NupfY3Ht5/HYcy7e1ta+w063qDHx7CEifsP4uNQNgn4u3Ys3qjNPlwLiLFQQFoRZvlSbqNs8ot0w1qPafTbRQL30l4LrTxN8MV8HGvdg8MtjuhXT2PCb/8C+VhTUo+nrLg7CU+nqzwdseEafwmiEoq","domain":"https://www.docmorris.de","adyenEnv":"live","adyenClientKey":"live_4IWCDSSAXBCJPDX5IICK6DVWAIF23WRA","publicPath":"https://www.docmorris.de","nextExternalServerUrl":"https://www.docmorris.de/new-web/api","appVersion":"","activePartnerCodes":"BSW,Premium,bleibgesund,IKK,TK,Sympany","rxChannel":"docmorris_rx","recaptchaPublicKey":"6Le6WJYnAAAAALJjhVYzuyZyLbggy529cNWSyA2u","cmsApiRoot":"http://docmorris-cms-pro/api","nextPublicEnv":"production","staticUrl":"https://statics.docmorris.de","algolia":{"appId":"R7NAV8R2RN","apiKey":"f21022624b7547ad443f573082a75de1","productsIndex":"pro_docmorris_products","categoriesIndex":"pro_docmorris_categories","rxProductsIndex":"pro_docmorris_products_rx"},"zendeskPublicKey":"66955451-cbfb-4b8b-8411-397eba046cf3","googleMapsApiKey":"AIzaSyByelFJmZO-1NIYXn_bsEaiG92hoPJNjmk","logger":{"isCensorSensitiveValues":true}},"isFallback":false,"isExperimentalCompile":false,"gssp":true,"locale":"de","locales":["de"],"defaultLocale":"de","scriptLoader":[{"id":"ze-snippet","src":"https://static.zdassets.com/ekr/snippet.js?key=66955451-cbfb-4b8b-8411-397eba046cf3","strategy":"lazyOnload"}]}
    </script>
</body>

</html>
